day;timestamp;product;bid_price_1;bid_volume_1;bid_price_2;bid_volume_2;bid_price_3;bid_volume_3;ask_price_1;ask_volume_1;ask_price_2;ask_volume_2;ask_price_3;ask_volume_3;mid_price;profit_and_loss
1;0;COCONUT;9999;200;;;;;10001;200;;;;;10000.0;0.0
1;0;COCONUT_COUPON;637;39;;;;;638;39;;;;;637.5;0.0
1;100;COCONUT;9999;104;9998;44;;;10000;104;10001;44;;;9999.5;0.0
1;100;COCONUT_COUPON;637;33;;;;;638;33;;;;;637.5;0.0
1;200;COCONUT;9998;133;9997;62;;;9999;133;10000;62;;;9998.5;0.0
1;200;COCONUT_COUPON;637;42;;;;;638;42;;;;;637.5;0.0
1;300;COCONUT_COUPON;638;30;;;;;639;30;;;;;638.5;0.0
1;300;COCONUT;9999;149;9998;51;;;10000;149;10001;51;;;9999.5;0.0
1;400;COCONUT;9998;108;9997;63;;;9999;103;10000;63;;;9998.5;0.0
1;400;COCONUT_COUPON;637;33;;;;;638;33;;;;;637.5;0.0
1;500;COCONUT;9996;114;9995;42;;;9997;114;9998;42;;;9996.5;0.0
1;500;COCONUT_COUPON;637;37;;;;;638;37;;;;;637.5;0.0
1;600;COCONUT;9996;206;;;;;9998;141;9999;65;;;9997.0;0.0
1;600;COCONUT_COUPON;636;37;;;;;637;37;;;;;636.5;0.0
1;700;COCONUT_COUPON;639;42;;;;;640;42;;;;;639.5;0.0
1;700;COCONUT;9997;125;9996;65;;;9999;190;;;;;9998.0;0.0
1;800;COCONUT;9996;162;;;;;9998;119;9999;43;;;9997.0;0.0
1;800;COCONUT_COUPON;636;49;;;;;637;42;;;;;636.5;0.0
1;900;COCONUT;9996;116;9995;72;;;9997;116;9998;72;;;9996.5;0.0
1;900;COCONUT_COUPON;634;16;;;;;635;33;;;;;634.5;0.0
1;1000;COCONUT;9999;103;9998;75;;;10000;103;10001;75;;;9999.5;0.0
1;1000;COCONUT_COUPON;636;5;635;46;;;637;46;;;;;636.5;0.0
1;1100;COCONUT_COUPON;635;38;;;;;636;38;;;;;635.5;0.0
1;1100;COCONUT;9997;158;;;;;9999;105;10000;53;;;9998.0;0.0
1;1200;COCONUT;9997;116;9996;59;;;9998;116;9999;59;;;9997.5;0.0
1;1200;COCONUT_COUPON;635;45;;;;;636;34;;;;;635.5;0.0
1;1300;COCONUT;9998;112;9997;52;;;10000;164;;;;;9999.0;0.0
1;1300;COCONUT_COUPON;634;51;;;;;635;41;;;;;634.5;0.0
1;1400;COCONUT;9999;116;9998;78;;;10000;116;10001;78;;;9999.5;0.0
1;1400;COCONUT_COUPON;634;44;;;;;635;44;;;;;634.5;0.0
1;1500;COCONUT_COUPON;634;49;;;;;635;49;;;;;634.5;0.0
1;1500;COCONUT;10001;104;10000;74;;;10002;104;10003;74;;;10001.5;0.0
1;1600;COCONUT;10001;172;;;;;10003;130;10004;42;;;10002.0;0.0
1;1600;COCONUT_COUPON;635;34;;;;;636;17;637;17;;;635.5;0.0
1;1700;COCONUT;10001;107;10000;69;;;10002;107;10003;69;;;10001.5;0.0
1;1700;COCONUT_COUPON;635;33;;;;;636;33;;;;;635.5;0.0
1;1800;COCONUT;10001;116;10000;67;;;10003;175;;;;;10002.0;0.0
1;1800;COCONUT_COUPON;635;40;;;;;637;40;;;;;636.0;0.0
1;1900;COCONUT_COUPON;635;33;;;;;636;49;;;;;635.5;0.0
1;1900;COCONUT;10000;219;;;;;10002;141;10003;78;;;10001.0;0.0
1;2000;COCONUT;10001;198;;;;;10003;143;10004;55;;;10002.0;0.0
1;2000;COCONUT_COUPON;637;33;;;;;638;47;;;;;637.5;0.0
1;2100;COCONUT;10002;148;10001;57;;;10003;148;10004;57;;;10002.5;0.0
1;2100;COCONUT_COUPON;637;46;;;;;638;40;;;;;637.5;0.0
1;2200;COCONUT;10001;140;10000;62;;;10002;140;10003;62;;;10001.5;0.0
1;2200;COCONUT_COUPON;635;51;;;;;636;41;;;;;635.5;0.0
1;2300;COCONUT_COUPON;634;46;;;;;635;46;;;;;634.5;0.0
1;2300;COCONUT;10001;114;10000;40;;;10003;154;;;;;10002.0;0.0
1;2400;COCONUT;10000;105;9999;53;;;10002;158;;;;;10001.0;0.0
1;2400;COCONUT_COUPON;634;29;;;;;635;29;;;;;634.5;0.0
1;2500;COCONUT;10000;190;;;;;10002;131;10003;59;;;10001.0;0.0
1;2500;COCONUT_COUPON;634;2;633;37;;;635;39;;;;;634.5;0.0
1;2600;COCONUT;10000;126;9999;77;;;10001;126;10002;77;;;10000.5;0.0
1;2600;COCONUT_COUPON;633;33;;;;;634;33;;;;;633.5;0.0
1;2700;COCONUT_COUPON;633;35;;;;;635;35;;;;;634.0;0.0
1;2700;COCONUT;10000;105;9999;41;;;10002;146;;;;;10001.0;0.0
1;2800;COCONUT;9998;143;9997;41;;;9999;143;10000;41;;;9998.5;0.0
1;2800;COCONUT_COUPON;633;40;;;;;634;40;;;;;633.5;0.0
1;2900;COCONUT;9998;106;9997;46;;;10000;152;;;;;9999.0;0.0
1;2900;COCONUT_COUPON;632;41;;;;;633;41;;;;;632.5;0.0
1;3000;COCONUT;9997;134;9996;54;;;9998;134;9999;54;;;9997.5;0.0
1;3000;COCONUT_COUPON;630;30;;;;;631;24;;;;;630.5;0.0
1;3100;COCONUT_COUPON;634;37;;;;;635;37;;;;;634.5;0.0
1;3100;COCONUT;9998;123;9997;41;;;9999;123;10000;41;;;9998.5;0.0
1;3200;COCONUT_COUPON;634;68;;;;;635;48;;;;;634.5;0.0
1;3200;COCONUT;9997;100;9996;73;;;9998;100;9999;73;;;9997.5;0.0
1;3300;COCONUT;9996;129;9995;62;;;9998;191;;;;;9997.0;0.0
1;3300;COCONUT_COUPON;634;27;;;;;635;27;;;;;634.5;0.0
1;3400;COCONUT_COUPON;633;31;;;;;634;31;;;;;633.5;0.0
1;3400;COCONUT;9995;207;;;;;9997;142;9998;65;;;9996.0;0.0
1;3500;COCONUT_COUPON;635;46;;;;;636;46;;;;;635.5;0.0
1;3500;COCONUT;9996;105;9995;73;;;9997;105;9998;73;;;9996.5;0.0
1;3600;COCONUT_COUPON;637;40;;;;;638;40;;;;;637.5;0.0
1;3600;COCONUT;9997;121;9996;65;;;9998;121;9999;65;;;9997.5;0.0
1;3700;COCONUT;9997;128;9996;63;;;9998;128;9999;63;;;9997.5;0.0
1;3700;COCONUT_COUPON;637;43;;;;;638;43;;;;;637.5;0.0
1;3800;COCONUT_COUPON;636;44;;;;;637;44;;;;;636.5;0.0
1;3800;COCONUT;9997;100;9996;60;;;9998;100;9999;60;;;9997.5;0.0
1;3900;COCONUT_COUPON;635;0;634;27;;;636;39;;;;;635.5;0.0
1;3900;COCONUT;9997;119;9996;79;;;9998;119;9999;79;;;9997.5;0.0
1;4000;COCONUT_COUPON;636;33;;;;;637;33;;;;;636.5;0.0
1;4000;COCONUT;9997;146;9996;52;;;9998;146;9999;52;;;9997.5;0.0
1;4100;COCONUT;9997;143;9996;67;;;9998;143;9999;67;;;9997.5;0.0
1;4100;COCONUT_COUPON;636;48;;;;;637;48;;;;;636.5;0.0
1;4200;COCONUT_COUPON;634;40;;;;;635;40;;;;;634.5;0.0
1;4200;COCONUT;9996;140;9995;51;;;9998;191;;;;;9997.0;0.0
1;4300;COCONUT_COUPON;635;16;;;;;636;34;;;;;635.5;0.0
1;4300;COCONUT;9996;138;9995;76;;;9998;214;;;;;9997.0;0.0
1;4400;COCONUT_COUPON;636;36;;;;;637;36;;;;;636.5;0.0
1;4400;COCONUT;9998;141;9997;44;;;9999;141;10000;44;;;9998.5;0.0
1;4500;COCONUT;9999;136;9998;78;;;10000;136;10001;78;;;9999.5;0.0
1;4500;COCONUT_COUPON;636;49;;;;;637;49;;;;;636.5;0.0
1;4600;COCONUT_COUPON;634;35;;;;;635;35;;;;;634.5;0.0
1;4600;COCONUT;9997;112;9996;70;;;9998;112;9999;70;;;9997.5;0.0
1;4700;COCONUT_COUPON;634;36;;;;;635;36;;;;;634.5;0.0
1;4700;COCONUT;9997;133;9996;66;;;9998;133;9999;66;;;9997.5;0.0
1;4800;COCONUT_COUPON;635;41;;;;;636;41;;;;;635.5;0.0
1;4800;COCONUT;9997;112;9996;67;;;9998;112;9999;67;;;9997.5;0.0
1;4900;COCONUT;9996;187;;;;;9998;122;9999;65;;;9997.0;0.0
1;4900;COCONUT_COUPON;636;39;;;;;637;39;;;;;636.5;0.0
1;5000;COCONUT_COUPON;635;33;;;;;636;33;;;;;635.5;0.0
1;5000;COCONUT;9996;129;9995;62;;;9997;129;9998;62;;;9996.5;0.0
1;5100;COCONUT_COUPON;636;46;;;;;637;46;;;;;636.5;0.0
1;5100;COCONUT;9996;128;9995;42;;;9997;128;9998;42;;;9996.5;0.0
1;5200;COCONUT_COUPON;638;43;;;;;639;43;;;;;638.5;0.0
1;5200;COCONUT;9997;99;9996;64;;;9998;107;9999;64;;;9997.5;0.0
1;5300;COCONUT;9998;131;9997;69;;;9999;131;10000;69;;;9998.5;0.0
1;5300;COCONUT_COUPON;638;40;;;;;639;40;;;;;638.5;0.0
1;5400;COCONUT_COUPON;636;37;;;;;637;37;;;;;636.5;0.0
1;5400;COCONUT;9998;119;9997;51;;;9999;119;10000;51;;;9998.5;0.0
1;5500;COCONUT_COUPON;639;40;;;;;640;40;;;;;639.5;0.0
1;5500;COCONUT;9999;147;9998;49;;;10000;147;10001;49;;;9999.5;0.0
1;5600;COCONUT_COUPON;640;28;;;;;641;28;;;;;640.5;0.0
1;5600;COCONUT;9999;111;9998;58;;;10000;111;10001;58;;;9999.5;0.0
1;5700;COCONUT;9999;127;9998;69;;;10001;189;;;;;10000.0;0.0
1;5700;COCONUT_COUPON;641;49;;;;;642;49;;;;;641.5;0.0
1;5800;COCONUT_COUPON;642;48;;;;;643;48;;;;;642.5;0.0
1;5800;COCONUT;9999;135;9998;58;;;10000;135;10001;58;;;9999.5;0.0
1;5900;COCONUT_COUPON;642;36;;;;;643;36;;;;;642.5;0.0
1;5900;COCONUT;9997;168;;;;;9999;107;10000;61;;;9998.0;0.0
1;6000;COCONUT_COUPON;641;41;;;;;642;41;;;;;641.5;0.0
1;6000;COCONUT;9997;125;9996;48;;;9998;125;9999;48;;;9997.5;0.0
1;6100;COCONUT;9997;120;9996;42;;;9999;162;;;;;9998.0;0.0
1;6100;COCONUT_COUPON;642;39;;;;;643;39;;;;;642.5;0.0
1;6200;COCONUT_COUPON;642;35;;;;;643;35;;;;;642.5;0.0
1;6200;COCONUT;9998;190;;;;;10000;121;10001;69;;;9999.0;0.0
1;6300;COCONUT_COUPON;642;37;;;;;643;37;;;;;642.5;0.0
1;6300;COCONUT;9999;142;9998;63;;;10000;142;10001;63;;;9999.5;0.0
1;6400;COCONUT_COUPON;642;42;;;;;643;42;;;;;642.5;0.0
1;6400;COCONUT;10001;102;10000;60;;;10002;102;10003;60;;;10001.5;0.0
1;6500;COCONUT;10002;148;10001;45;;;10003;148;10004;45;;;10002.5;0.0
1;6500;COCONUT_COUPON;642;38;;;;;643;27;;;;;642.5;0.0
1;6600;COCONUT_COUPON;643;40;;;;;644;40;;;;;643.5;0.0
1;6600;COCONUT;10002;121;10001;67;;;10003;121;10004;67;;;10002.5;0.0
1;6700;COCONUT_COUPON;643;29;;;;;644;29;;;;;643.5;0.0
1;6700;COCONUT;10002;7;10001;181;;;10003;127;10004;54;;;10002.5;0.0
1;6800;COCONUT_COUPON;643;30;;;;;644;41;;;;;643.5;0.0
1;6800;COCONUT;10004;115;10003;58;;;10005;115;10006;58;;;10004.5;0.0
1;6900;COCONUT;10003;157;;;;;10005;105;10006;52;;;10004.0;0.0
1;6900;COCONUT_COUPON;642;41;;;;;643;41;;;;;642.5;0.0
1;7000;COCONUT_COUPON;640;39;;;;;642;39;;;;;641.0;0.0
1;7000;COCONUT;10002;173;;;;;10004;120;10005;53;;;10003.0;0.0
1;7100;COCONUT_COUPON;640;41;;;;;641;41;;;;;640.5;0.0
1;7100;COCONUT;10003;101;10002;56;;;10004;101;10005;56;;;10003.5;0.0
1;7200;COCONUT_COUPON;640;28;;;;;641;28;;;;;640.5;0.0
1;7200;COCONUT;10002;115;10001;41;;;10004;156;;;;;10003.0;0.0
1;7300;COCONUT;10003;100;10002;68;;;10004;100;10005;68;;;10003.5;0.0
1;7300;COCONUT_COUPON;640;43;;;;;641;43;;;;;640.5;0.0
1;7400;COCONUT_COUPON;639;30;;;;;641;30;;;;;640.0;0.0
1;7400;COCONUT;10001;203;;;;;10003;127;10004;76;;;10002.0;0.0
1;7500;COCONUT_COUPON;639;41;;;;;640;41;;;;;639.5;0.0
1;7500;COCONUT;10002;183;;;;;10004;113;10005;70;;;10003.0;0.0
1;7600;COCONUT_COUPON;638;38;;;;;639;38;;;;;638.5;0.0
1;7600;COCONUT;10003;205;;;;;10004;7;10005;141;10006;64;10003.5;0.0
1;7700;COCONUT_COUPON;637;34;;;;;639;34;;;;;638.0;0.0
1;7700;COCONUT;10003;103;10002;60;;;10004;103;10005;60;;;10003.5;0.0
1;7800;COCONUT;10002;125;10001;73;;;10003;125;10004;73;;;10002.5;0.0
1;7800;COCONUT_COUPON;637;41;;;;;638;31;;;;;637.5;0.0
1;7900;COCONUT_COUPON;635;41;;;;;636;41;;;;;635.5;0.0
1;7900;COCONUT;10002;140;10001;51;;;10004;191;;;;;10003.0;0.0
1;8000;COCONUT_COUPON;636;32;;;;;637;32;;;;;636.5;0.0
1;8000;COCONUT;10003;208;;;;;10005;131;10006;77;;;10004.0;0.0
1;8100;COCONUT_COUPON;636;40;;;;;637;40;;;;;636.5;0.0
1;8100;COCONUT;10003;112;10002;44;;;10004;112;10005;44;;;10003.5;0.0
1;8200;COCONUT;10003;139;10002;78;;;10004;139;10005;78;;;10003.5;0.0
1;8200;COCONUT_COUPON;638;32;;;;;639;32;;;;;638.5;0.0
1;8300;COCONUT;10004;106;10003;46;;;10005;106;10006;46;;;10004.5;0.0
1;8300;COCONUT_COUPON;639;46;;;;;640;46;;;;;639.5;0.0
1;8400;COCONUT;10004;165;;;;;10006;117;10007;48;;;10005.0;0.0
1;8400;COCONUT_COUPON;640;61;;;;;641;49;;;;;640.5;0.0
1;8500;COCONUT_COUPON;640;43;;;;;641;43;;;;;640.5;0.0
1;8500;COCONUT;10004;206;;;;;10006;127;10007;79;;;10005.0;0.0
1;8600;COCONUT;10005;144;10004;52;;;10006;144;10007;52;;;10005.5;0.0
1;8600;COCONUT_COUPON;642;40;;;;;643;40;;;;;642.5;0.0
1;8700;COCONUT;10005;124;10004;43;;;10006;124;10007;43;;;10005.5;0.0
1;8700;COCONUT_COUPON;641;46;;;;;642;46;;;;;641.5;0.0
1;8800;COCONUT;10004;224;;;;;10006;149;10007;75;;;10005.0;0.0
1;8800;COCONUT_COUPON;641;36;;;;;642;36;;;;;641.5;0.0
1;8900;COCONUT_COUPON;639;6;;;;;640;26;;;;;639.5;0.0
1;8900;COCONUT;10004;191;;;;;10005;6;10006;121;10007;70;10004.5;0.0
1;9000;COCONUT;10002;111;10001;47;;;10003;111;10004;47;;;10002.5;0.0
1;9000;COCONUT_COUPON;638;32;;;;;639;32;;;;;638.5;0.0
1;9100;COCONUT;10002;139;10001;54;;;10003;139;10004;54;;;10002.5;0.0
1;9100;COCONUT_COUPON;637;26;;;;;638;26;;;;;637.5;0.0
1;9200;COCONUT;10003;139;10002;66;;;10004;139;10005;66;;;10003.5;0.0
1;9200;COCONUT_COUPON;637;32;;;;;638;32;;;;;637.5;0.0
1;9300;COCONUT_COUPON;637;41;;;;;638;41;;;;;637.5;0.0
1;9300;COCONUT;10003;197;;;;;10005;133;10006;64;;;10004.0;0.0
1;9400;COCONUT;10003;107;10002;72;;;10004;101;10005;72;;;10003.5;0.0
1;9400;COCONUT_COUPON;639;31;;;;;641;31;;;;;640.0;0.0
1;9500;COCONUT;10005;148;10004;42;;;10006;148;10007;42;;;10005.5;0.0
1;9500;COCONUT_COUPON;640;34;;;;;642;34;;;;;641.0;0.0
1;9600;COCONUT;10006;127;10005;61;;;10007;127;10008;61;;;10006.5;0.0
1;9600;COCONUT_COUPON;640;33;;;;;641;33;;;;;640.5;0.0
1;9700;COCONUT_COUPON;639;40;;;;;640;40;;;;;639.5;0.0
1;9700;COCONUT;10005;120;10004;43;;;10007;163;;;;;10006.0;0.0
1;9800;COCONUT;10005;137;10004;77;;;10007;214;;;;;10006.0;0.0
1;9800;COCONUT_COUPON;639;47;;;;;640;47;;;;;639.5;0.0
1;9900;COCONUT;10005;102;10004;58;;;10006;102;10007;58;;;10005.5;0.0
1;9900;COCONUT_COUPON;637;39;;;;;639;39;;;;;638.0;0.0
1;10000;COCONUT;10004;106;10003;53;;;10005;106;10006;53;;;10004.5;0.0
1;10000;COCONUT_COUPON;637;33;;;;;638;33;;;;;637.5;0.0
1;10100;COCONUT_COUPON;638;38;;;;;639;38;;;;;638.5;0.0
1;10100;COCONUT;10005;118;10004;72;;;10006;118;10007;72;;;10005.5;0.0
1;10200;COCONUT;10006;124;10005;77;;;10007;124;10008;77;;;10006.5;0.0
1;10200;COCONUT_COUPON;637;43;;;;;638;43;;;;;637.5;0.0
1;10300;COCONUT;10005;101;10004;62;;;10007;163;;;;;10006.0;0.0
1;10300;COCONUT_COUPON;635;36;;;;;636;36;;;;;635.5;0.0
1;10400;COCONUT;10005;101;10004;63;;;10007;164;;;;;10006.0;0.0
1;10400;COCONUT_COUPON;634;36;;;;;635;36;;;;;634.5;0.0
1;10500;COCONUT_COUPON;635;33;;;;;637;33;;;;;636.0;0.0
1;10500;COCONUT;10006;133;10005;45;;;10007;133;10008;45;;;10006.5;0.0
1;10600;COCONUT;10005;142;10004;59;;;10007;193;;;;;10006.0;0.0
1;10600;COCONUT_COUPON;634;33;;;;;635;33;;;;;634.5;0.0
1;10700;COCONUT;10006;149;10005;44;;;10008;193;;;;;10007.0;0.0
1;10700;COCONUT_COUPON;635;32;;;;;636;32;;;;;635.5;0.0
1;10800;COCONUT;10007;106;10006;46;;;10008;106;10009;46;;;10007.5;0.0
1;10800;COCONUT_COUPON;637;38;;;;;638;38;;;;;637.5;0.0
1;10900;COCONUT_COUPON;636;41;;;;;637;41;;;;;636.5;0.0
1;10900;COCONUT;10007;140;10006;65;;;10008;150;10009;65;;;10007.5;0.0
1;11000;COCONUT;10005;162;;;;;10007;107;10008;55;;;10006.0;0.0
1;11000;COCONUT_COUPON;634;37;;;;;635;37;;;;;634.5;0.0
1;11100;COCONUT;10007;130;10006;74;;;10008;130;10009;74;;;10007.5;0.0
1;11100;COCONUT_COUPON;634;39;;;;;635;39;;;;;634.5;0.0
1;11200;COCONUT;10004;204;;;;;10006;148;10007;56;;;10005.0;0.0
1;11200;COCONUT_COUPON;634;51;;;;;635;31;;;;;634.5;0.0
1;11300;COCONUT_COUPON;634;32;;;;;635;32;;;;;634.5;0.0
1;11300;COCONUT;10004;181;;;;;10006;119;10007;62;;;10005.0;0.0
1;11400;COCONUT;10005;209;;;;;10007;145;10008;64;;;10006.0;0.0
1;11400;COCONUT_COUPON;635;42;;;;;637;42;;;;;636.0;0.0
1;11500;COCONUT;10005;209;;;;;10007;144;10008;65;;;10006.0;0.0
1;11500;COCONUT_COUPON;636;35;;;;;637;35;;;;;636.5;0.0
1;11600;COCONUT;10005;117;10004;62;;;10006;117;10007;62;;;10005.5;0.0
1;11600;COCONUT_COUPON;636;50;;;;;637;50;;;;;636.5;0.0
1;11700;COCONUT_COUPON;636;43;;;;;637;43;;;;;636.5;0.0
1;11700;COCONUT;10004;145;10003;45;;;10006;190;;;;;10005.0;0.0
1;11800;COCONUT;10003;130;10002;61;;;10004;130;10005;61;;;10003.5;0.0
1;11800;COCONUT_COUPON;635;38;;;;;636;38;;;;;635.5;0.0
1;11900;COCONUT;10004;102;10003;75;;;10006;177;;;;;10005.0;0.0
1;11900;COCONUT_COUPON;634;45;;;;;636;45;;;;;635.0;0.0
1;12000;COCONUT_COUPON;634;31;;;;;635;31;;;;;634.5;0.0
1;12000;COCONUT;10005;134;10004;73;;;10006;134;10007;73;;;10005.5;0.0
1;12100;COCONUT_COUPON;634;31;;;;;635;31;;;;;634.5;0.0
1;12100;COCONUT;10004;101;10003;66;;;10005;101;10006;66;;;10004.5;0.0
1;12200;COCONUT_COUPON;635;49;;;;;636;49;;;;;635.5;0.0
1;12200;COCONUT;10005;159;;;;;10007;113;10008;46;;;10006.0;0.0
1;12300;COCONUT;10005;131;10004;63;;;10006;131;10007;63;;;10005.5;0.0
1;12300;COCONUT_COUPON;635;39;;;;;636;39;;;;;635.5;0.0
1;12400;COCONUT_COUPON;637;33;;;;;638;33;;;;;637.5;0.0
1;12400;COCONUT;10005;194;;;;;10007;119;10008;75;;;10006.0;0.0
1;12500;COCONUT_COUPON;636;27;;;;;637;27;;;;;636.5;0.0
1;12500;COCONUT;10003;173;;;;;10005;104;10006;69;;;10004.0;0.0
1;12600;COCONUT_COUPON;638;45;;;;;639;45;;;;;638.5;0.0
1;12600;COCONUT;10003;226;;;;;10005;149;10006;77;;;10004.0;0.0
1;12700;COCONUT;10004;143;10003;76;;;10006;219;;;;;10005.0;0.0
1;12700;COCONUT_COUPON;639;42;;;;;640;42;;;;;639.5;0.0
1;12800;COCONUT_COUPON;638;43;;;;;639;2;640;41;;;638.5;0.0
1;12800;COCONUT;10004;119;10003;65;;;10006;184;;;;;10005.0;0.0
1;12900;COCONUT_COUPON;639;42;;;;;640;42;;;;;639.5;0.0
1;12900;COCONUT;10003;173;;;;;10005;104;10006;69;;;10004.0;0.0
1;13000;COCONUT_COUPON;640;29;;;;;641;29;;;;;640.5;0.0
1;13000;COCONUT;10004;157;;;;;10006;117;10007;40;;;10005.0;0.0
1;13100;COCONUT;10004;5;10003;185;;;10005;136;10006;49;;;10004.5;0.0
1;13100;COCONUT_COUPON;639;40;;;;;641;40;;;;;640.0;0.0
1;13200;COCONUT_COUPON;640;34;;;;;642;34;;;;;641.0;0.0
1;13200;COCONUT;10005;103;10004;42;;;10006;103;10007;42;;;10005.5;0.0
1;13300;COCONUT_COUPON;641;37;;;;;642;37;;;;;641.5;0.0
1;13300;COCONUT;10004;166;;;;;10006;116;10007;50;;;10005.0;0.0
1;13400;COCONUT_COUPON;641;35;;;;;642;35;;;;;641.5;0.0
1;13400;COCONUT;10004;171;;;;;10006;118;10007;53;;;10005.0;0.0
1;13500;COCONUT;10005;129;10004;63;;;10006;129;10007;63;;;10005.5;0.0
1;13500;COCONUT_COUPON;641;31;;;;;642;31;;;;;641.5;0.0
1;13600;COCONUT_COUPON;640;44;;;;;641;44;;;;;640.5;0.0
1;13600;COCONUT;10005;121;10004;40;;;10007;161;;;;;10006.0;0.0
1;13700;COCONUT_COUPON;642;54;;;;;643;34;;;;;642.5;0.0
1;13700;COCONUT;10007;101;10006;52;;;10009;153;;;;;10008.0;0.0
1;13800;COCONUT_COUPON;641;35;;;;;642;35;;;;;641.5;0.0
1;13800;COCONUT;10007;198;;;;;10009;130;10010;68;;;10008.0;0.0
1;13900;COCONUT;10006;120;10005;53;;;10007;120;10008;53;;;10006.5;0.0
1;13900;COCONUT_COUPON;640;44;;;;;641;44;;;;;640.5;0.0
1;14000;COCONUT_COUPON;640;40;;;;;641;40;;;;;640.5;0.0
1;14000;COCONUT;10006;138;10005;73;;;10008;211;;;;;10007.0;0.0
1;14100;COCONUT_COUPON;640;41;;;;;641;41;;;;;640.5;0.0
1;14100;COCONUT;10005;121;10004;48;;;10007;169;;;;;10006.0;0.0
1;14200;COCONUT_COUPON;642;36;;;;;643;36;;;;;642.5;0.0
1;14200;COCONUT;10005;103;10004;40;;;10006;103;10007;40;;;10005.5;0.0
1;14300;COCONUT;10004;189;;;;;10006;140;10007;49;;;10005.0;0.0
1;14300;COCONUT_COUPON;640;33;;;;;641;33;;;;;640.5;0.0
1;14400;COCONUT_COUPON;641;45;;;;;642;45;;;;;641.5;0.0
1;14400;COCONUT;10004;193;;;;;10005;9;10006;129;10007;64;10004.5;0.0
1;14500;COCONUT_COUPON;641;26;;;;;642;37;;;;;641.5;0.0
1;14500;COCONUT;10006;130;10005;62;;;10007;130;10008;62;;;10006.5;0.0
1;14600;COCONUT_COUPON;641;31;;;;;642;48;;;;;641.5;0.0
1;14600;COCONUT;10006;114;10005;53;;;10007;114;10008;53;;;10006.5;0.0
1;14700;COCONUT;10005;111;10004;49;;;10007;160;;;;;10006.0;0.0
1;14700;COCONUT_COUPON;642;30;;;;;643;30;;;;;642.5;0.0
1;14800;COCONUT_COUPON;641;28;;;;;642;28;;;;;641.5;0.0
1;14800;COCONUT;10004;177;;;;;10006;107;10007;70;;;10005.0;0.0
1;14900;COCONUT_COUPON;643;35;;;;;644;35;;;;;643.5;0.0
1;14900;COCONUT;10004;121;10003;47;;;10005;131;10006;47;;;10004.5;0.0
1;15000;COCONUT_COUPON;641;48;;;;;642;48;;;;;641.5;0.0
1;15000;COCONUT;10003;118;10002;61;;;10005;179;;;;;10004.0;0.0
1;15100;COCONUT;10003;178;;;;;10005;106;10006;72;;;10004.0;0.0
1;15100;COCONUT_COUPON;639;47;;;;;640;47;;;;;639.5;0.0
1;15200;COCONUT_COUPON;640;28;;;;;641;28;;;;;640.5;0.0
1;15200;COCONUT;10003;187;;;;;10005;109;10006;78;;;10004.0;0.0
1;15300;COCONUT_COUPON;641;19;;;;;642;33;;;;;641.5;0.0
1;15300;COCONUT;10004;100;10003;75;;;10006;175;;;;;10005.0;0.0
1;15400;COCONUT_COUPON;640;40;;;;;641;40;;;;;640.5;0.0
1;15400;COCONUT;10002;116;10001;54;;;10003;116;10004;54;;;10002.5;0.0
1;15500;COCONUT;10003;119;10002;65;;;10004;119;10005;65;;;10003.5;0.0
1;15500;COCONUT_COUPON;638;34;;;;;639;34;;;;;638.5;0.0
1;15600;COCONUT_COUPON;637;39;;;;;638;39;;;;;637.5;0.0
1;15600;COCONUT;10003;157;;;;;10005;103;10006;54;;;10004.0;0.0
1;15700;COCONUT_COUPON;636;40;;;;;638;40;;;;;637.0;0.0
1;15700;COCONUT;10001;134;10000;56;;;10002;134;10003;56;;;10001.5;0.0
1;15800;COCONUT_COUPON;637;40;;;;;638;40;;;;;637.5;0.0
1;15800;COCONUT;10002;107;10001;56;;;10004;163;;;;;10003.0;0.0
1;15900;COCONUT;10002;133;10001;53;;;10004;186;;;;;10003.0;0.0
1;15900;COCONUT_COUPON;635;32;;;;;636;32;;;;;635.5;0.0
1;16000;COCONUT_COUPON;635;39;;;;;636;39;;;;;635.5;0.0
1;16000;COCONUT;10001;105;10000;46;;;10002;113;10003;46;;;10001.5;0.0
1;16100;COCONUT_COUPON;636;36;;;;;637;36;;;;;636.5;0.0
1;16100;COCONUT;10001;143;10000;76;;;10002;134;10003;76;;;10001.5;0.0
1;16200;COCONUT_COUPON;636;36;;;;;637;36;;;;;636.5;0.0
1;16200;COCONUT;10000;105;9999;76;;;10001;115;10002;76;;;10000.5;0.0
1;16300;COCONUT;9999;158;;;;;10001;104;10002;54;;;10000.0;0.0
1;16300;COCONUT_COUPON;635;38;;;;;636;38;;;;;635.5;0.0
1;16400;COCONUT;10000;122;9999;44;;;10002;166;;;;;10001.0;0.0
1;16400;COCONUT_COUPON;635;63;;;;;636;49;;;;;635.5;0.0
1;16500;COCONUT_COUPON;634;33;;;;;635;33;;;;;634.5;0.0
1;16500;COCONUT;10001;137;10000;44;;;10003;181;;;;;10002.0;0.0
1;16600;COCONUT_COUPON;633;36;;;;;634;45;;;;;633.5;0.0
1;16600;COCONUT;10002;113;10001;68;;;10004;181;;;;;10003.0;0.0
1;16700;COCONUT_COUPON;633;33;;;;;634;33;;;;;633.5;0.0
1;16700;COCONUT;10002;108;10001;60;;;10003;108;10004;60;;;10002.5;0.0
1;16800;COCONUT;10000;126;9999;41;;;10001;126;10002;41;;;10000.5;0.0
1;16800;COCONUT_COUPON;631;32;;;;;632;32;;;;;631.5;0.0
1;16900;COCONUT;9999;115;9998;61;;;10001;176;;;;;10000.0;0.0
1;16900;COCONUT_COUPON;631;50;;;;;633;50;;;;;632.0;0.0
1;17000;COCONUT;10000;9;9999;209;;;10001;140;10002;69;;;10000.5;0.0
1;17000;COCONUT_COUPON;632;38;;;;;634;38;;;;;633.0;0.0
1;17100;COCONUT_COUPON;631;30;;;;;632;30;;;;;631.5;0.0
1;17100;COCONUT;10000;92;9999;54;;;10002;156;;;;;10001.0;0.0
1;17200;COCONUT;10000;109;9999;71;;;10002;180;;;;;10001.0;0.0
1;17200;COCONUT_COUPON;632;41;;;;;633;41;;;;;632.5;0.0
1;17300;COCONUT;9999;119;9998;62;;;10001;181;;;;;10000.0;0.0
1;17300;COCONUT_COUPON;631;29;;;;;632;29;;;;;631.5;0.0
1;17400;COCONUT;9999;128;9998;48;;;10000;128;10001;48;;;9999.5;0.0
1;17400;COCONUT_COUPON;633;34;;;;;635;34;;;;;634.0;0.0
1;17500;COCONUT_COUPON;633;45;;;;;634;45;;;;;633.5;0.0
1;17500;COCONUT;9998;116;9997;69;;;9999;116;10000;69;;;9998.5;0.0
1;17600;COCONUT;9997;180;;;;;9999;126;10000;54;;;9998.0;0.0
1;17600;COCONUT_COUPON;634;27;;;;;635;27;;;;;634.5;0.0
1;17700;COCONUT;9996;116;9995;60;;;9997;116;9998;60;;;9996.5;0.0
1;17700;COCONUT_COUPON;635;40;;;;;636;40;;;;;635.5;0.0
1;17800;COCONUT;9995;158;;;;;9997;105;9998;53;;;9996.0;0.0
1;17800;COCONUT_COUPON;635;57;;;;;636;38;;;;;635.5;0.0
1;17900;COCONUT_COUPON;636;46;;;;;637;46;;;;;636.5;0.0
1;17900;COCONUT;9996;121;9995;80;;;9998;201;;;;;9997.0;0.0
1;18000;COCONUT;9995;102;9994;58;;;9997;160;;;;;9996.0;0.0
1;18000;COCONUT_COUPON;636;48;;;;;637;48;;;;;636.5;0.0
1;18100;COCONUT;9996;134;9995;52;;;9998;186;;;;;9997.0;0.0
1;18100;COCONUT_COUPON;634;53;;;;;635;36;;;;;634.5;0.0
1;18200;COCONUT;9994;103;9993;47;;;9995;103;9996;47;;;9994.5;0.0
1;18200;COCONUT_COUPON;633;49;;;;;634;49;;;;;633.5;0.0
1;18300;COCONUT_COUPON;635;35;;;;;636;35;;;;;635.5;0.0
1;18300;COCONUT;9994;195;;;;;9996;149;9997;46;;;9995.0;0.0
1;18400;COCONUT;9993;131;9992;45;;;9995;176;;;;;9994.0;0.0
1;18400;COCONUT_COUPON;637;33;;;;;638;33;;;;;637.5;0.0
1;18500;COCONUT;9993;102;9992;56;;;9994;102;9995;56;;;9993.5;0.0
1;18500;COCONUT_COUPON;637;29;;;;;639;29;;;;;638.0;0.0
1;18600;COCONUT;9993;107;9992;48;;;9994;107;9995;48;;;9993.5;0.0
1;18600;COCONUT_COUPON;637;42;;;;;638;42;;;;;637.5;0.0
1;18700;COCONUT_COUPON;637;37;;;;;638;37;;;;;637.5;0.0
1;18700;COCONUT;9994;149;9993;58;;;9995;149;9996;58;;;9994.5;0.0
1;18800;COCONUT;9992;115;9991;64;;;9993;115;9994;64;;;9992.5;0.0
1;18800;COCONUT_COUPON;636;45;;;;;637;45;;;;;636.5;0.0
1;18900;COCONUT;9992;140;9991;69;;;9993;140;9994;69;;;9992.5;0.0
1;18900;COCONUT_COUPON;635;41;;;;;636;41;;;;;635.5;0.0
1;19000;COCONUT;9990;107;9989;62;;;9992;169;;;;;9991.0;0.0
1;19000;COCONUT_COUPON;634;46;;;;;635;46;;;;;634.5;0.0
1;19100;COCONUT_COUPON;635;52;;;;;636;52;;;;;635.5;0.0
1;19100;COCONUT;9990;104;9989;60;;;9992;164;;;;;9991.0;0.0
1;19200;COCONUT;9990;125;9989;63;;;9991;125;9992;63;;;9990.5;0.0
1;19200;COCONUT_COUPON;634;49;;;;;635;49;;;;;634.5;0.0
1;19300;COCONUT;9990;122;9989;44;;;9992;166;;;;;9991.0;0.0
1;19300;COCONUT_COUPON;634;34;;;;;635;34;;;;;634.5;0.0
1;19400;COCONUT;9989;124;9988;50;;;9991;174;;;;;9990.0;0.0
1;19400;COCONUT_COUPON;633;40;;;;;634;40;;;;;633.5;0.0
1;19500;COCONUT_COUPON;634;33;;;;;635;33;;;;;634.5;0.0
1;19500;COCONUT;9989;106;9988;47;;;9990;106;9991;47;;;9989.5;0.0
1;19600;COCONUT;9988;111;9987;43;;;9989;111;9990;43;;;9988.5;0.0
1;19600;COCONUT_COUPON;633;41;;;;;634;41;;;;;633.5;0.0
1;19700;COCONUT;9988;125;9987;76;;;9989;125;9990;76;;;9988.5;0.0
1;19700;COCONUT_COUPON;633;27;;;;;634;27;;;;;633.5;0.0
1;19800;COCONUT;9988;184;;;;;9990;136;9991;48;;;9989.0;0.0
1;19800;COCONUT_COUPON;633;41;;;;;634;41;;;;;633.5;0.0
1;19900;COCONUT_COUPON;632;44;;;;;633;44;;;;;632.5;0.0
1;19900;COCONUT;9989;105;9988;52;;;9990;105;9991;52;;;9989.5;0.0
1;20000;COCONUT;9989;122;9988;70;;;9990;122;9991;70;;;9989.5;0.0
1;20000;COCONUT_COUPON;631;30;;;;;632;30;;;;;631.5;0.0
1;20100;COCONUT;9990;106;9989;46;;;9991;111;9992;46;;;9990.5;0.0
1;20100;COCONUT_COUPON;632;31;;;;;633;31;;;;;632.5;0.0
1;20200;COCONUT;9990;106;9989;78;;;9992;184;;;;;9991.0;0.0
1;20200;COCONUT_COUPON;632;34;;;;;633;34;;;;;632.5;0.0
1;20300;COCONUT_COUPON;632;44;;;;;633;44;;;;;632.5;0.0
1;20300;COCONUT;9991;189;;;;;9993;137;9994;52;;;9992.0;0.0
1;20400;COCONUT;9992;130;9991;70;;;9993;130;9994;70;;;9992.5;0.0
1;20400;COCONUT_COUPON;632;46;;;;;633;46;;;;;632.5;0.0
1;20500;COCONUT;9991;142;;;;;9993;100;9994;42;;;9992.0;0.0
1;20500;COCONUT_COUPON;633;40;;;;;634;40;;;;;633.5;0.0
1;20600;COCONUT;9992;114;9991;48;;;9993;114;9994;48;;;9992.5;0.0
1;20600;COCONUT_COUPON;633;52;;;;;634;39;;;;;633.5;0.0
1;20700;COCONUT_COUPON;631;32;;;;;632;11;633;27;;;631.5;0.0
1;20700;COCONUT;9993;105;9992;47;;;9995;152;;;;;9994.0;0.0
1;20800;COCONUT;9993;137;9992;63;;;9994;137;9995;63;;;9993.5;0.0
1;20800;COCONUT_COUPON;631;38;;;;;632;38;;;;;631.5;0.0
1;20900;COCONUT;9993;134;9992;66;;;9995;200;;;;;9994.0;0.0
1;20900;COCONUT_COUPON;630;45;;;;;631;45;;;;;630.5;0.0
1;21000;COCONUT_COUPON;631;38;;;;;632;38;;;;;631.5;0.0
1;21000;COCONUT;9992;207;;;;;9994;138;9995;69;;;9993.0;0.0
1;21100;COCONUT_COUPON;630;32;;;;;631;32;;;;;630.5;0.0
1;21100;COCONUT;9993;208;;;;;9995;147;9996;61;;;9994.0;0.0
1;21200;COCONUT_COUPON;629;41;;;;;630;41;;;;;629.5;0.0
1;21200;COCONUT;9993;115;9992;70;;;9994;115;9995;70;;;9993.5;0.0
1;21300;COCONUT;9991;141;9990;78;;;9992;141;9993;78;;;9991.5;0.0
1;21300;COCONUT_COUPON;628;39;;;;;629;39;;;;;628.5;0.0
1;21400;COCONUT_COUPON;629;37;;;;;630;37;;;;;629.5;0.0
1;21400;COCONUT;9992;150;9991;42;;;9993;150;9994;42;;;9992.5;0.0
1;21500;COCONUT_COUPON;627;45;;;;;628;45;;;;;627.5;0.0
1;21500;COCONUT;9990;128;9989;58;;;9992;186;;;;;9991.0;0.0
1;21600;COCONUT_COUPON;628;43;;;;;630;43;;;;;629.0;0.0
1;21600;COCONUT;9992;144;9991;76;;;9993;144;9994;76;;;9992.5;0.0
1;21700;COCONUT;9991;127;9990;47;;;9992;121;9993;47;;;9991.5;0.0
1;21700;COCONUT_COUPON;630;45;;;;;631;45;;;;;630.5;0.0
1;21800;COCONUT_COUPON;630;38;;;;;631;38;;;;;630.5;0.0
1;21800;COCONUT;9990;115;9989;43;;;9991;115;9992;43;;;9990.5;0.0
1;21900;COCONUT_COUPON;629;32;;;;;630;32;;;;;629.5;0.0
1;21900;COCONUT;9988;200;;;;;9990;147;9991;53;;;9989.0;0.0
1;22000;COCONUT_COUPON;631;47;;;;;632;47;;;;;631.5;0.0
1;22000;COCONUT;9989;109;9988;46;;;9991;155;;;;;9990.0;0.0
1;22100;COCONUT;9989;141;9988;72;;;9990;141;9991;72;;;9989.5;0.0
1;22100;COCONUT_COUPON;630;47;;;;;631;47;;;;;630.5;0.0
1;22200;COCONUT_COUPON;631;48;;;;;632;48;;;;;631.5;0.0
1;22200;COCONUT;9989;123;9988;66;;;9991;189;;;;;9990.0;0.0
1;22300;COCONUT_COUPON;629;42;;;;;630;42;;;;;629.5;0.0
1;22300;COCONUT;9988;134;9987;64;;;9990;198;;;;;9989.0;0.0
1;22400;COCONUT_COUPON;629;42;;;;;630;42;;;;;629.5;0.0
1;22400;COCONUT;9989;110;9988;75;;;9991;185;;;;;9990.0;0.0
1;22500;COCONUT;9989;110;9988;75;;;9991;185;;;;;9990.0;0.0
1;22500;COCONUT_COUPON;629;30;;;;;630;30;;;;;629.5;0.0
1;22600;COCONUT_COUPON;629;33;;;;;630;33;;;;;629.5;0.0
1;22600;COCONUT;9989;137;9988;62;;;9991;199;;;;;9990.0;0.0
1;22700;COCONUT_COUPON;629;32;;;;;630;32;;;;;629.5;0.0
1;22700;COCONUT;9993;103;9992;41;;;9994;103;9995;41;;;9993.5;0.0
1;22800;COCONUT_COUPON;627;44;;;;;628;44;;;;;627.5;0.0
1;22800;COCONUT;9991;192;;;;;9993;131;9994;61;;;9992.0;0.0
1;22900;COCONUT;9992;143;9991;64;;;9994;207;;;;;9993.0;0.0
1;22900;COCONUT_COUPON;627;31;;;;;628;38;;;;;627.5;0.0
1;23000;COCONUT_COUPON;625;42;;;;;626;42;;;;;625.5;0.0
1;23000;COCONUT;9990;212;;;;;9992;137;9993;75;;;9991.0;0.0
1;23100;COCONUT_COUPON;626;40;;;;;627;40;;;;;626.5;0.0
1;23100;COCONUT;9990;129;9989;72;;;9992;201;;;;;9991.0;0.0
1;23200;COCONUT_COUPON;625;34;;;;;626;34;;;;;625.5;0.0
1;23200;COCONUT;9989;124;9988;70;;;9990;124;9991;70;;;9989.5;0.0
1;23300;COCONUT;9988;181;;;;;9990;107;9991;74;;;9989.0;0.0
1;23300;COCONUT_COUPON;625;41;;;;;626;41;;;;;625.5;0.0
1;23400;COCONUT_COUPON;625;38;;;;;626;38;;;;;625.5;0.0
1;23400;COCONUT;9988;168;;;;;9990;116;9991;52;;;9989.0;0.0
1;23500;COCONUT_COUPON;624;40;;;;;625;40;;;;;624.5;0.0
1;23500;COCONUT;9987;133;9986;75;;;9989;208;;;;;9988.0;0.0
1;23600;COCONUT_COUPON;625;42;;;;;626;42;;;;;625.5;0.0
1;23600;COCONUT;9988;140;9987;41;;;9989;147;9990;41;;;9988.5;0.0
1;23700;COCONUT;9987;113;9986;77;;;9988;113;9989;77;;;9987.5;0.0
1;23700;COCONUT_COUPON;623;34;;;;;625;34;;;;;624.0;0.0
1;23800;COCONUT_COUPON;624;33;;;;;625;33;;;;;624.5;0.0
1;23800;COCONUT;9988;103;9987;52;;;9989;108;9990;52;;;9988.5;0.0
1;23900;COCONUT_COUPON;625;37;;;;;626;37;;;;;625.5;0.0
1;23900;COCONUT;9987;127;9986;75;;;9988;127;9989;75;;;9987.5;0.0
1;24000;COCONUT_COUPON;625;42;;;;;626;42;;;;;625.5;0.0
1;24000;COCONUT;9987;107;9986;71;;;9988;107;9989;71;;;9987.5;0.0
1;24100;COCONUT;9987;146;9986;63;;;9988;146;9989;63;;;9987.5;0.0
1;24100;COCONUT_COUPON;624;42;;;;;625;42;;;;;624.5;0.0
1;24200;COCONUT_COUPON;623;39;;;;;624;39;;;;;623.5;0.0
1;24200;COCONUT;9986;157;;;;;9988;111;9989;46;;;9987.0;0.0
1;24300;COCONUT_COUPON;625;37;;;;;626;37;;;;;625.5;0.0
1;24300;COCONUT;9987;181;;;;;9989;127;9990;54;;;9988.0;0.0
1;24400;COCONUT_COUPON;626;40;;;;;627;40;;;;;626.5;0.0
1;24400;COCONUT;9990;181;;;;;9992;115;9993;66;;;9991.0;0.0
1;24500;COCONUT;9990;191;;;;;9992;138;9993;53;;;9991.0;0.0
1;24500;COCONUT_COUPON;625;46;;;;;626;46;;;;;625.5;0.0
1;24600;COCONUT_COUPON;625;37;;;;;626;37;;;;;625.5;0.0
1;24600;COCONUT;9990;143;9989;79;;;9991;143;9992;79;;;9990.5;0.0
1;24700;COCONUT_COUPON;624;41;;;;;626;41;;;;;625.0;0.0
1;24700;COCONUT;9990;109;9989;53;;;9991;109;9992;53;;;9990.5;0.0
1;24800;COCONUT_COUPON;623;30;;;;;624;30;;;;;623.5;0.0
1;24800;COCONUT;9990;197;;;;;9992;125;9993;72;;;9991.0;0.0
1;24900;COCONUT;9990;103;9989;50;;;9991;109;9992;50;;;9990.5;0.0
1;24900;COCONUT_COUPON;623;37;;;;;624;37;;;;;623.5;0.0
1;25000;COCONUT_COUPON;624;32;;;;;626;32;;;;;625.0;0.0
1;25000;COCONUT;9992;170;;;;;9994;106;9995;64;;;9993.0;0.0
1;25100;COCONUT_COUPON;624;44;;;;;625;44;;;;;624.5;0.0
1;25100;COCONUT;9991;163;;;;;9993;103;9994;60;;;9992.0;0.0
1;25200;COCONUT_COUPON;623;40;;;;;624;40;;;;;623.5;0.0
1;25200;COCONUT;9992;114;9991;77;;;9993;114;9994;77;;;9992.5;0.0
1;25300;COCONUT_COUPON;623;28;;;;;624;28;;;;;623.5;0.0
1;25300;COCONUT;9991;10;9990;217;;;9992;141;9993;76;;;9991.5;0.0
1;25400;COCONUT;9991;101;9990;49;;;9993;160;;;;;9992.0;0.0
1;25400;COCONUT_COUPON;624;42;;;;;625;42;;;;;624.5;0.0
1;25500;COCONUT_COUPON;624;60;;;;;625;48;;;;;624.5;0.0
1;25500;COCONUT;9993;115;9992;41;;;9994;115;9995;41;;;9993.5;0.0
1;25600;COCONUT_COUPON;624;33;;;;;625;33;;;;;624.5;0.0
1;25600;COCONUT;9992;188;;;;;9994;142;9995;46;;;9993.0;0.0
1;25700;COCONUT_COUPON;625;31;;;;;626;31;;;;;625.5;0.0
1;25700;COCONUT;9993;111;9992;53;;;9994;120;9995;53;;;9993.5;0.0
1;25800;COCONUT;9992;102;9991;53;;;9993;102;9994;53;;;9992.5;0.0
1;25800;COCONUT_COUPON;626;39;;;;;627;39;;;;;626.5;0.0
1;25900;COCONUT;9993;162;;;;;9995;120;9996;42;;;9994.0;0.0
1;25900;COCONUT_COUPON;626;32;;;;;627;32;;;;;626.5;0.0
1;26000;COCONUT;9994;115;9993;40;;;9996;155;;;;;9995.0;0.0
1;26000;COCONUT_COUPON;626;37;;;;;627;37;;;;;626.5;0.0
1;26100;COCONUT_COUPON;626;41;;;;;627;41;;;;;626.5;0.0
1;26100;COCONUT;9994;125;9993;49;;;9996;174;;;;;9995.0;0.0
1;26200;COCONUT;9994;132;9993;42;;;9995;132;9996;42;;;9994.5;0.0
1;26200;COCONUT_COUPON;625;45;;;;;626;45;;;;;625.5;0.0
1;26300;COCONUT;9995;134;9994;58;;;9996;134;9997;58;;;9995.5;0.0
1;26300;COCONUT_COUPON;625;37;;;;;626;37;;;;;625.5;0.0
1;26400;COCONUT;9994;163;;;;;9996;118;9997;45;;;9995.0;0.0
1;26400;COCONUT_COUPON;624;34;;;;;625;34;;;;;624.5;0.0
1;26500;COCONUT_COUPON;624;45;;;;;625;45;;;;;624.5;0.0
1;26500;COCONUT;9994;181;;;;;9996;102;9997;76;;;9995.0;0.0
1;26600;COCONUT;9993;101;9992;45;;;9994;101;9995;45;;;9993.5;0.0
1;26600;COCONUT_COUPON;625;7;;;;;626;34;;;;;625.5;0.0
1;26700;COCONUT;9993;131;9992;69;;;9994;131;9995;69;;;9993.5;0.0
1;26700;COCONUT_COUPON;623;48;;;;;624;30;;;;;623.5;0.0
1;26800;COCONUT;9993;155;;;;;9995;103;9996;52;;;9994.0;0.0
1;26800;COCONUT_COUPON;623;15;;;;;625;35;;;;;624.0;0.0
1;26900;COCONUT_COUPON;623;31;;;;;625;31;;;;;624.0;0.0
1;26900;COCONUT;9992;137;9991;77;;;9994;214;;;;;9993.0;0.0
1;27000;COCONUT;9993;106;9992;61;;;9995;167;;;;;9994.0;0.0
1;27000;COCONUT_COUPON;624;31;;;;;625;31;;;;;624.5;0.0
1;27100;COCONUT;9992;101;9991;64;;;9993;101;9994;64;;;9992.5;0.0
1;27100;COCONUT_COUPON;622;46;;;;;623;46;;;;;622.5;0.0
1;27200;COCONUT;9991;141;9990;80;;;9993;221;;;;;9992.0;0.0
1;27200;COCONUT_COUPON;621;46;;;;;622;46;;;;;621.5;0.0
1;27300;COCONUT_COUPON;621;41;;;;;622;41;;;;;621.5;0.0
1;27300;COCONUT;9990;198;;;;;9992;126;9993;72;;;9991.0;0.0
1;27400;COCONUT;9991;125;9990;74;;;9992;125;9993;74;;;9991.5;0.0
1;27400;COCONUT_COUPON;621;41;;;;;622;41;;;;;621.5;0.0
1;27500;COCONUT;9991;135;9990;50;;;9992;135;9993;50;;;9991.5;0.0
1;27500;COCONUT_COUPON;620;33;;;;;621;33;;;;;620.5;0.0
1;27600;COCONUT;9992;129;9991;60;;;9994;183;;;;;9993.0;0.0
1;27600;COCONUT_COUPON;620;46;;;;;621;46;;;;;620.5;0.0
1;27700;COCONUT_COUPON;620;44;;;;;621;44;;;;;620.5;0.0
1;27700;COCONUT;9990;5;9989;203;;;9991;143;9992;60;;;9990.5;0.0
1;27800;COCONUT;9989;105;9988;63;;;9990;105;9991;63;;;9989.5;0.0
1;27800;COCONUT_COUPON;621;48;;;;;622;48;;;;;621.5;0.0
1;27900;COCONUT;9990;163;;;;;9992;105;9993;58;;;9991.0;0.0
1;27900;COCONUT_COUPON;621;34;;;;;622;34;;;;;621.5;0.0
1;28000;COCONUT;9990;137;9989;71;;;9991;137;9992;71;;;9990.5;0.0
1;28000;COCONUT_COUPON;621;34;;;;;622;34;;;;;621.5;0.0
1;28100;COCONUT_COUPON;622;40;;;;;623;40;;;;;622.5;0.0
1;28100;COCONUT;9991;126;9990;68;;;9993;194;;;;;9992.0;0.0
1;28200;COCONUT;9991;140;9990;46;;;9992;140;9993;46;;;9991.5;0.0
1;28200;COCONUT_COUPON;623;33;;;;;624;33;;;;;623.5;0.0
1;28300;COCONUT;9994;113;9993;57;;;9995;113;9996;57;;;9994.5;0.0
1;28300;COCONUT_COUPON;625;35;;;;;626;35;;;;;625.5;0.0
1;28400;COCONUT;9991;178;;;;;9993;132;9994;46;;;9992.0;0.0
1;28400;COCONUT_COUPON;622;38;;;;;623;38;;;;;622.5;0.0
1;28500;COCONUT_COUPON;622;34;;;;;623;34;;;;;622.5;0.0
1;28500;COCONUT;9993;135;9992;61;;;9994;135;9995;61;;;9993.5;0.0
1;28600;COCONUT;9994;185;;;;;9996;142;9997;43;;;9995.0;0.0
1;28600;COCONUT_COUPON;623;46;;;;;624;35;;;;;623.5;0.0
1;28700;COCONUT;9996;125;9995;62;;;9997;125;9998;62;;;9996.5;0.0
1;28700;COCONUT_COUPON;624;42;;;;;625;42;;;;;624.5;0.0
1;28800;COCONUT;9994;149;9993;65;;;9996;214;;;;;9995.0;0.0
1;28800;COCONUT_COUPON;623;36;;;;;624;36;;;;;623.5;0.0
1;28900;COCONUT_COUPON;624;45;;;;;625;45;;;;;624.5;0.0
1;28900;COCONUT;9995;194;;;;;9997;136;9998;58;;;9996.0;0.0
1;29000;COCONUT;9993;135;9992;63;;;9995;198;;;;;9994.0;0.0
1;29000;COCONUT_COUPON;622;34;;;;;623;34;;;;;622.5;0.0
1;29100;COCONUT;9993;124;9992;74;;;9995;198;;;;;9994.0;0.0
1;29100;COCONUT_COUPON;622;33;;;;;623;33;;;;;622.5;0.0
1;29200;COCONUT;9995;115;9994;59;;;9996;115;9997;59;;;9995.5;0.0
1;29200;COCONUT_COUPON;622;45;;;;;623;38;;;;;622.5;0.0
1;29300;COCONUT_COUPON;624;41;;;;;625;41;;;;;624.5;0.0
1;29300;COCONUT;9996;128;9995;68;;;9997;128;9998;68;;;9996.5;0.0
1;29400;COCONUT;9996;120;9995;72;;;9998;192;;;;;9997.0;0.0
1;29400;COCONUT_COUPON;624;14;;;;;625;34;;;;;624.5;0.0
1;29500;COCONUT;9997;117;9996;69;;;9998;117;9999;69;;;9997.5;0.0
1;29500;COCONUT_COUPON;624;47;;;;;625;47;;;;;624.5;0.0
1;29600;COCONUT;9998;129;9997;57;;;9999;129;10000;57;;;9998.5;0.0
1;29600;COCONUT_COUPON;623;42;;;;;624;42;;;;;623.5;0.0
1;29700;COCONUT_COUPON;623;37;;;;;624;37;;;;;623.5;0.0
1;29700;COCONUT;9996;121;9995;72;;;9998;193;;;;;9997.0;0.0
1;29800;COCONUT_COUPON;623;38;;;;;624;38;;;;;623.5;0.0
1;29800;COCONUT;9994;163;;;;;9995;10;9996;163;;;9994.5;0.0
1;29900;COCONUT;9994;189;;;;;9996;113;9997;76;;;9995.0;0.0
1;29900;COCONUT_COUPON;624;42;;;;;625;42;;;;;624.5;0.0
1;30000;COCONUT_COUPON;624;36;;;;;625;36;;;;;624.5;0.0
1;30000;COCONUT;9994;191;;;;;9996;116;9997;75;;;9995.0;0.0
1;30100;COCONUT_COUPON;624;41;;;;;625;41;;;;;624.5;0.0
1;30100;COCONUT;9994;109;9993;41;;;9995;109;9996;41;;;9994.5;0.0
1;30200;COCONUT_COUPON;625;48;;;;;626;48;;;;;625.5;0.0
1;30200;COCONUT;9994;104;9993;43;;;9995;111;9996;43;;;9994.5;0.0
1;30300;COCONUT;9994;125;9993;40;;;9996;165;;;;;9995.0;0.0
1;30300;COCONUT_COUPON;626;46;;;;;627;46;;;;;626.5;0.0
1;30400;COCONUT_COUPON;628;43;;;;;629;43;;;;;628.5;0.0
1;30400;COCONUT;9994;150;9993;72;;;9995;150;9996;72;;;9994.5;0.0
1;30500;COCONUT_COUPON;627;45;;;;;628;31;;;;;627.5;0.0
1;30500;COCONUT;9993;132;9992;50;;;9994;141;9995;50;;;9993.5;0.0
1;30600;COCONUT_COUPON;627;50;;;;;628;30;;;;;627.5;0.0
1;30600;COCONUT;9993;109;9992;60;;;9995;169;;;;;9994.0;0.0
1;30700;COCONUT;9993;127;9992;49;;;9995;176;;;;;9994.0;0.0
1;30700;COCONUT_COUPON;627;41;;;;;628;41;;;;;627.5;0.0
1;30800;COCONUT_COUPON;628;50;;;;;629;38;;;;;628.5;0.0
1;30800;COCONUT;9993;104;9992;45;;;9994;104;9995;45;;;9993.5;0.0
1;30900;COCONUT_COUPON;628;40;;;;;630;40;;;;;629.0;0.0
1;30900;COCONUT;9993;109;9992;63;;;9995;172;;;;;9994.0;0.0
1;31000;COCONUT_COUPON;628;28;;;;;629;47;;;;;628.5;0.0
1;31000;COCONUT;9992;117;9991;76;;;9994;193;;;;;9993.0;0.0
1;31100;COCONUT;9992;221;;;;;9994;141;9995;80;;;9993.0;0.0
1;31100;COCONUT_COUPON;630;45;;;;;631;45;;;;;630.5;0.0
1;31200;COCONUT_COUPON;629;41;;;;;630;41;;;;;629.5;0.0
1;31200;COCONUT;9993;120;9992;48;;;9994;120;9995;48;;;9993.5;0.0
1;31300;COCONUT_COUPON;631;40;;;;;632;40;;;;;631.5;0.0
1;31300;COCONUT;9993;103;9992;75;;;9994;110;9995;75;;;9993.5;0.0
1;31400;COCONUT_COUPON;631;36;;;;;632;36;;;;;631.5;0.0
1;31400;COCONUT;9993;109;9992;52;;;9994;109;9995;52;;;9993.5;0.0
1;31500;COCONUT;9993;114;9992;58;;;9994;114;9995;58;;;9993.5;0.0
1;31500;COCONUT_COUPON;632;46;;;;;633;46;;;;;632.5;0.0
1;31600;COCONUT_COUPON;634;33;;;;;635;33;;;;;634.5;0.0
1;31600;COCONUT;9993;155;;;;;9995;112;9996;43;;;9994.0;0.0
1;31700;COCONUT_COUPON;636;33;;;;;637;33;;;;;636.5;0.0
1;31700;COCONUT;9995;150;9994;80;;;9997;230;;;;;9996.0;0.0
1;31800;COCONUT_COUPON;636;39;;;;;637;39;;;;;636.5;0.0
1;31800;COCONUT;9996;162;;;;;9998;119;9999;43;;;9997.0;0.0
1;31900;COCONUT;9996;144;9995;77;;;9997;144;9998;77;;;9996.5;0.0
1;31900;COCONUT_COUPON;636;36;;;;;637;36;;;;;636.5;0.0
1;32000;COCONUT_COUPON;636;36;;;;;637;36;;;;;636.5;0.0
1;32000;COCONUT;9996;107;9995;49;;;9997;107;9998;49;;;9996.5;0.0
1;32100;COCONUT_COUPON;634;50;;;;;636;50;;;;;635.0;0.0
1;32100;COCONUT;9993;192;;;;;9995;134;9996;58;;;9994.0;0.0
1;32200;COCONUT_COUPON;634;56;;;;;635;46;;;;;634.5;0.0
1;32200;COCONUT;9993;123;9992;52;;;9994;123;9995;52;;;9993.5;0.0
1;32300;COCONUT;9992;153;;;;;9994;109;9995;44;;;9993.0;0.0
1;32300;COCONUT_COUPON;634;51;;;;;635;51;;;;;634.5;0.0
1;32400;COCONUT_COUPON;635;51;;;;;636;43;;;;;635.5;0.0
1;32400;COCONUT;9993;140;9992;43;;;9994;145;9995;43;;;9993.5;0.0
1;32500;COCONUT_COUPON;636;47;;;;;637;47;;;;;636.5;0.0
1;32500;COCONUT;9993;140;9992;48;;;9995;188;;;;;9994.0;0.0
1;32600;COCONUT_COUPON;638;35;;;;;639;35;;;;;638.5;0.0
1;32600;COCONUT;9994;190;;;;;9996;134;9997;56;;;9995.0;0.0
1;32700;COCONUT;9995;125;9994;71;;;9996;125;9997;71;;;9995.5;0.0
1;32700;COCONUT_COUPON;637;43;;;;;638;43;;;;;637.5;0.0
1;32800;COCONUT_COUPON;636;43;;;;;637;43;;;;;636.5;0.0
1;32800;COCONUT;9995;134;9994;57;;;9997;182;;;;;9996.0;0.0
1;32900;COCONUT_COUPON;636;32;;;;;637;32;;;;;636.5;0.0
1;32900;COCONUT;9994;112;9993;72;;;9995;112;9996;72;;;9994.5;0.0
1;33000;COCONUT_COUPON;636;34;;;;;637;34;;;;;636.5;0.0
1;33000;COCONUT;9994;119;9993;79;;;9995;120;9996;79;;;9994.5;0.0
1;33100;COCONUT;9993;110;9992;45;;;9994;104;9995;45;;;9993.5;0.0
1;33100;COCONUT_COUPON;637;27;;;;;638;42;;;;;637.5;0.0
1;33200;COCONUT_COUPON;636;39;;;;;637;39;;;;;636.5;0.0
1;33200;COCONUT;9994;108;9993;72;;;9995;118;9996;72;;;9994.5;0.0
1;33300;COCONUT_COUPON;636;43;;;;;637;43;;;;;636.5;0.0
1;33300;COCONUT;9993;9;9992;178;;;9994;106;9995;72;;;9993.5;0.0
1;33400;COCONUT_COUPON;635;34;;;;;636;34;;;;;635.5;0.0
1;33400;COCONUT;9991;113;9990;61;;;9992;113;9993;61;;;9991.5;0.0
1;33500;COCONUT;9990;122;9989;64;;;9991;122;9992;64;;;9990.5;0.0
1;33500;COCONUT_COUPON;633;33;;;;;634;33;;;;;633.5;0.0
1;33600;COCONUT_COUPON;631;38;;;;;632;38;;;;;631.5;0.0
1;33600;COCONUT;9990;130;9989;51;;;9991;130;9992;51;;;9990.5;0.0
1;33700;COCONUT_COUPON;630;51;;;;;631;32;;;;;630.5;0.0
1;33700;COCONUT;9989;128;9988;63;;;9991;191;;;;;9990.0;0.0
1;33800;COCONUT_COUPON;630;32;;;;;631;32;;;;;630.5;0.0
1;33800;COCONUT;9990;141;9989;45;;;9991;141;9992;45;;;9990.5;0.0
1;33900;COCONUT;9992;127;9991;53;;;9993;127;9994;53;;;9992.5;0.0
1;33900;COCONUT_COUPON;632;60;;;;;633;40;;;;;632.5;0.0
1;34000;COCONUT_COUPON;630;41;;;;;631;41;;;;;630.5;0.0
1;34000;COCONUT;9992;123;9991;67;;;9993;123;9994;67;;;9992.5;0.0
1;34100;COCONUT_COUPON;630;28;;;;;631;28;;;;;630.5;0.0
1;34100;COCONUT;9990;179;;;;;9992;139;9993;40;;;9991.0;0.0
1;34200;COCONUT_COUPON;629;36;;;;;630;36;;;;;629.5;0.0
1;34200;COCONUT;9991;8;9990;192;;;9992;120;9993;72;;;9991.5;0.0
1;34300;COCONUT_COUPON;631;33;;;;;632;33;;;;;631.5;0.0
1;34300;COCONUT;9991;147;9990;40;;;9993;187;;;;;9992.0;0.0
1;34400;COCONUT;9993;104;9992;54;;;9995;158;;;;;9994.0;0.0
1;34400;COCONUT_COUPON;631;34;;;;;633;34;;;;;632.0;0.0
1;34500;COCONUT_COUPON;633;46;;;;;634;46;;;;;633.5;0.0
1;34500;COCONUT;9992;182;;;;;9994;115;9995;67;;;9993.0;0.0
1;34600;COCONUT_COUPON;634;29;;;;;635;29;;;;;634.5;0.0
1;34600;COCONUT;9995;125;9994;76;;;9996;125;9997;76;;;9995.5;0.0
1;34700;COCONUT_COUPON;635;45;;;;;636;45;;;;;635.5;0.0
1;34700;COCONUT;9995;134;9994;48;;;9996;127;9997;48;;;9995.5;0.0
1;34800;COCONUT;9995;109;9994;72;;;9996;109;9997;72;;;9995.5;0.0
1;34800;COCONUT_COUPON;635;44;;;;;636;44;;;;;635.5;0.0
1;34900;COCONUT;9995;102;9994;49;;;9996;102;9997;49;;;9995.5;0.0
1;34900;COCONUT_COUPON;633;26;;;;;634;26;;;;;633.5;0.0
1;35000;COCONUT;9995;114;9994;78;;;9996;114;9997;78;;;9995.5;0.0
1;35000;COCONUT_COUPON;635;35;;;;;636;35;;;;;635.5;0.0
1;35100;COCONUT_COUPON;636;46;;;;;637;46;;;;;636.5;0.0
1;35100;COCONUT;9995;144;9994;75;;;9996;144;9997;75;;;9995.5;0.0
1;35200;COCONUT;9993;165;;;;;9995;113;9996;52;;;9994.0;0.0
1;35200;COCONUT_COUPON;636;38;;;;;637;38;;;;;636.5;0.0
1;35300;COCONUT;9993;101;9992;74;;;9994;101;9995;74;;;9993.5;0.0
1;35300;COCONUT_COUPON;637;39;;;;;638;39;;;;;637.5;0.0
1;35400;COCONUT;9991;145;9990;60;;;9993;205;;;;;9992.0;0.0
1;35400;COCONUT_COUPON;635;30;;;;;636;45;;;;;635.5;0.0
1;35500;COCONUT_COUPON;636;48;;;;;637;48;;;;;636.5;0.0
1;35500;COCONUT;9991;128;9990;60;;;9993;188;;;;;9992.0;0.0
1;35600;COCONUT;9990;215;;;;;9992;143;9993;72;;;9991.0;0.0
1;35600;COCONUT_COUPON;636;46;;;;;637;46;;;;;636.5;0.0
1;35700;COCONUT;9991;136;9990;74;;;9993;210;;;;;9992.0;0.0
1;35700;COCONUT_COUPON;636;42;;;;;637;42;;;;;636.5;0.0
1;35800;COCONUT;9991;109;9990;48;;;9992;109;9993;48;;;9991.5;0.0
1;35800;COCONUT_COUPON;636;34;;;;;637;34;;;;;636.5;0.0
1;35900;COCONUT_COUPON;637;37;;;;;638;37;;;;;637.5;0.0
1;35900;COCONUT;9990;145;9989;50;;;9991;145;9992;50;;;9990.5;0.0
1;36000;COCONUT;9989;131;9988;66;;;9991;192;;;;;9990.0;0.0
1;36000;COCONUT_COUPON;633;36;;;;;634;36;;;;;633.5;0.0
1;36100;COCONUT;9989;106;9988;65;;;9990;106;9991;65;;;9989.5;0.0
1;36100;COCONUT_COUPON;632;67;;;;;633;48;;;;;632.5;0.0
1;36200;COCONUT;9988;224;;;;;9990;144;9991;80;;;9989.0;0.0
1;36200;COCONUT_COUPON;634;38;;;;;635;43;;;;;634.5;0.0
1;36300;COCONUT_COUPON;636;34;;;;;637;34;;;;;636.5;0.0
1;36300;COCONUT;9990;134;9989;76;;;9991;125;9992;76;;;9990.5;0.0
1;36400;COCONUT;9989;140;9988;44;;;9990;134;9991;44;;;9989.5;0.0
1;36400;COCONUT_COUPON;636;40;;;;;637;40;;;;;636.5;0.0
1;36500;COCONUT;9988;106;9987;79;;;9989;106;9990;79;;;9988.5;0.0
1;36500;COCONUT_COUPON;635;55;;;;;636;40;;;;;635.5;0.0
1;36600;COCONUT;9987;151;;;;;9989;110;9990;41;;;9988.0;0.0
1;36600;COCONUT_COUPON;634;40;;;;;635;40;;;;;634.5;0.0
1;36700;COCONUT_COUPON;633;44;;;;;634;44;;;;;633.5;0.0
1;36700;COCONUT;9986;160;;;;;9988;109;9989;51;;;9987.0;0.0
1;36800;COCONUT;9987;10;9986;193;;;9988;116;9989;77;;;9987.5;0.0
1;36800;COCONUT_COUPON;634;16;633;20;;;635;36;;;;;634.5;0.0
1;36900;COCONUT;9986;111;9985;49;;;9988;160;;;;;9987.0;0.0
1;36900;COCONUT_COUPON;634;60;;;;;635;44;;;;;634.5;0.0
1;37000;COCONUT;9986;111;9985;53;;;9988;164;;;;;9987.0;0.0
1;37000;COCONUT_COUPON;634;33;;;;;635;33;;;;;634.5;0.0
1;37100;COCONUT_COUPON;633;33;;;;;634;33;;;;;633.5;0.0
1;37100;COCONUT;9986;127;9985;70;;;9987;121;9988;70;;;9986.5;0.0
1;37200;COCONUT;9986;139;9985;57;;;9988;196;;;;;9987.0;0.0
1;37200;COCONUT_COUPON;633;46;;;;;634;46;;;;;633.5;0.0
1;37300;COCONUT;9986;145;9985;80;;;9987;145;9988;80;;;9986.5;0.0
1;37300;COCONUT_COUPON;632;21;;;;;633;41;;;;;632.5;0.0
1;37400;COCONUT;9986;140;9985;76;;;9987;140;9988;76;;;9986.5;0.0
1;37400;COCONUT_COUPON;631;30;;;;;632;30;;;;;631.5;0.0
1;37500;COCONUT_COUPON;632;30;;;;;633;30;;;;;632.5;0.0
1;37500;COCONUT;9985;135;9984;73;;;9987;208;;;;;9986.0;0.0
1;37600;COCONUT;9984;128;9983;79;;;9986;207;;;;;9985.0;0.0
1;37600;COCONUT_COUPON;633;46;;;;;634;46;;;;;633.5;0.0
1;37700;COCONUT;9984;181;;;;;9986;135;9987;46;;;9985.0;0.0
1;37700;COCONUT_COUPON;633;38;;;;;634;38;;;;;633.5;0.0
1;37800;COCONUT;9985;222;;;;;9986;8;9987;150;9988;72;9985.5;0.0
1;37800;COCONUT_COUPON;635;34;;;;;636;34;;;;;635.5;0.0
1;37900;COCONUT_COUPON;634;47;;;;;635;47;;;;;634.5;0.0
1;37900;COCONUT;9985;121;9984;69;;;9986;121;9987;69;;;9985.5;0.0
1;38000;COCONUT;9984;137;9983;75;;;9985;137;9986;75;;;9984.5;0.0
1;38000;COCONUT_COUPON;635;43;;;;;636;43;;;;;635.5;0.0
1;38100;COCONUT;9983;117;9982;75;;;9984;117;9985;75;;;9983.5;0.0
1;38100;COCONUT_COUPON;634;28;;;;;635;28;;;;;634.5;0.0
1;38200;COCONUT;9983;107;9982;57;;;9984;107;9985;57;;;9983.5;0.0
1;38200;COCONUT_COUPON;635;47;;;;;636;47;;;;;635.5;0.0
1;38300;COCONUT_COUPON;635;40;;;;;637;40;;;;;636.0;0.0
1;38300;COCONUT;9982;152;9981;73;;;9983;147;9984;73;;;9982.5;0.0
1;38400;COCONUT;9982;107;9981;55;;;9983;107;9984;55;;;9982.5;0.0
1;38400;COCONUT_COUPON;635;39;;;;;637;39;;;;;636.0;0.0
1;38500;COCONUT;9982;112;9981;60;;;9983;112;9984;60;;;9982.5;0.0
1;38500;COCONUT_COUPON;636;47;;;;;637;47;;;;;636.5;0.0
1;38600;COCONUT;9983;136;9982;55;;;9984;136;9985;55;;;9983.5;0.0
1;38600;COCONUT_COUPON;637;30;;;;;638;30;;;;;637.5;0.0
1;38700;COCONUT_COUPON;637;29;;;;;638;12;639;17;;;637.5;0.0
1;38700;COCONUT;9983;130;9982;52;;;9984;130;9985;52;;;9983.5;0.0
1;38800;COCONUT_COUPON;638;25;;;;;639;36;;;;;638.5;0.0
1;38800;COCONUT;9983;129;9982;44;;;9984;129;9985;44;;;9983.5;0.0
1;38900;COCONUT;9983;150;9982;55;;;9984;150;9985;55;;;9983.5;0.0
1;38900;COCONUT_COUPON;638;36;;;;;639;36;;;;;638.5;0.0
1;39000;COCONUT_COUPON;637;40;;;;;638;40;;;;;637.5;0.0
1;39000;COCONUT;9984;101;9983;73;;;9985;101;9986;73;;;9984.5;0.0
1;39100;COCONUT_COUPON;637;34;;;;;639;46;;;;;638.0;0.0
1;39100;COCONUT;9985;101;9984;68;;;9987;169;;;;;9986.0;0.0
1;39200;COCONUT_COUPON;638;43;;;;;639;43;;;;;638.5;0.0
1;39200;COCONUT;9987;125;9986;53;;;9988;125;9989;53;;;9987.5;0.0
1;39300;COCONUT;9986;103;9985;62;;;9987;103;9988;62;;;9986.5;0.0
1;39300;COCONUT_COUPON;637;56;;;;;639;37;;;;;638.0;0.0
1;39400;COCONUT_COUPON;637;45;;;;;638;34;;;;;637.5;0.0
1;39400;COCONUT;9986;170;;;;;9988;112;9989;58;;;9987.0;0.0
1;39500;COCONUT_COUPON;638;38;;;;;639;38;;;;;638.5;0.0
1;39500;COCONUT;9986;196;;;;;9988;123;9989;73;;;9987.0;0.0
1;39600;COCONUT_COUPON;641;42;;;;;642;42;;;;;641.5;0.0
1;39600;COCONUT;9988;119;9987;42;;;9990;161;;;;;9989.0;0.0
1;39700;COCONUT;9990;137;9989;74;;;9991;137;9992;74;;;9990.5;0.0
1;39700;COCONUT_COUPON;642;39;;;;;643;29;;;;;642.5;0.0
1;39800;COCONUT_COUPON;642;32;;;;;643;2;644;30;;;642.5;0.0
1;39800;COCONUT;9989;122;9988;45;;;9990;122;9991;45;;;9989.5;0.0
1;39900;COCONUT_COUPON;642;37;;;;;643;37;;;;;642.5;0.0
1;39900;COCONUT;9988;175;;;;;9990;115;9991;60;;;9989.0;0.0
1;40000;COCONUT_COUPON;641;45;;;;;642;39;;;;;641.5;0.0
1;40000;COCONUT;9988;125;9987;54;;;9989;125;9990;54;;;9988.5;0.0
1;40100;COCONUT;9987;117;9986;72;;;9988;117;9989;72;;;9987.5;0.0
1;40100;COCONUT_COUPON;641;36;;;;;642;36;;;;;641.5;0.0
1;40200;COCONUT_COUPON;640;33;;;;;641;33;;;;;640.5;0.0
1;40200;COCONUT;9987;139;9986;48;;;9988;139;9989;48;;;9987.5;0.0
1;40300;COCONUT_COUPON;639;46;;;;;640;46;;;;;639.5;0.0
1;40300;COCONUT;9986;116;9985;54;;;9988;170;;;;;9987.0;0.0
1;40400;COCONUT_COUPON;638;47;;;;;639;47;;;;;638.5;0.0
1;40400;COCONUT;9985;146;9984;51;;;9986;146;9987;51;;;9985.5;0.0
1;40500;COCONUT;9984;144;9983;55;;;9986;199;;;;;9985.0;0.0
1;40500;COCONUT_COUPON;637;61;;;;;638;42;;;;;637.5;0.0
1;40600;COCONUT_COUPON;636;38;;;;;637;38;;;;;636.5;0.0
1;40600;COCONUT;9983;214;;;;;9985;138;9986;76;;;9984.0;0.0
1;40700;COCONUT_COUPON;635;39;;;;;636;39;;;;;635.5;0.0
1;40700;COCONUT;9981;103;9980;78;;;9983;181;;;;;9982.0;0.0
1;40800;COCONUT_COUPON;636;31;;;;;637;47;;;;;636.5;0.0
1;40800;COCONUT;9980;149;9979;70;;;9981;149;9982;70;;;9980.5;0.0
1;40900;COCONUT;9979;203;;;;;9981;130;9982;73;;;9980.0;0.0
1;40900;COCONUT_COUPON;637;43;;;;;638;43;;;;;637.5;0.0
1;41000;COCONUT_COUPON;637;39;;;;;638;39;;;;;637.5;0.0
1;41000;COCONUT;9979;8;9978;202;;;9980;132;9981;70;;;9979.5;0.0
1;41100;COCONUT_COUPON;636;43;;;;;637;43;;;;;636.5;0.0
1;41100;COCONUT;9980;128;9979;76;;;9981;128;9982;76;;;9980.5;0.0
1;41200;COCONUT_COUPON;637;52;;;;;638;36;;;;;637.5;0.0
1;41200;COCONUT;9981;99;9980;56;;;9982;108;9983;56;;;9981.5;0.0
1;41300;COCONUT;9980;109;9979;57;;;9981;109;9982;57;;;9980.5;0.0
1;41300;COCONUT_COUPON;637;63;;;;;638;49;;;;;637.5;0.0
1;41400;COCONUT_COUPON;637;47;;;;;638;20;639;27;;;637.5;0.0
1;41400;COCONUT;9980;169;;;;;9981;8;9982;102;9983;67;9980.5;0.0
1;41500;COCONUT_COUPON;637;34;;;;;638;34;;;;;637.5;0.0
1;41500;COCONUT;9980;160;;;;;9982;102;9983;58;;;9981.0;0.0
1;41600;COCONUT_COUPON;634;29;;;;;635;29;;;;;634.5;0.0
1;41600;COCONUT;9978;119;9977;40;;;9980;169;;;;;9979.0;0.0
1;41700;COCONUT;9978;139;9977;55;;;9979;139;9980;55;;;9978.5;0.0
1;41700;COCONUT_COUPON;633;42;;;;;635;42;;;;;634.0;0.0
1;41800;COCONUT_COUPON;634;59;;;;;635;46;;;;;634.5;0.0
1;41800;COCONUT;9978;165;;;;;9980;106;9981;59;;;9979.0;0.0
1;41900;COCONUT_COUPON;634;59;;;;;635;43;;;;;634.5;0.0
1;41900;COCONUT;9978;189;;;;;9980;135;9981;54;;;9979.0;0.0
1;42000;COCONUT_COUPON;632;42;;;;;633;42;;;;;632.5;0.0
1;42000;COCONUT;9978;128;9977;40;;;9979;128;9980;40;;;9978.5;0.0
1;42100;COCONUT;9979;141;9978;77;;;9980;141;9981;77;;;9979.5;0.0
1;42100;COCONUT_COUPON;632;43;;;;;633;33;;;;;632.5;0.0
1;42200;COCONUT_COUPON;631;49;;;;;632;49;;;;;631.5;0.0
1;42200;COCONUT;9979;186;;;;;9981;111;9982;75;;;9980.0;0.0
1;42300;COCONUT_COUPON;631;36;;;;;632;36;;;;;631.5;0.0
1;42300;COCONUT;9980;110;9979;80;;;9982;190;;;;;9981.0;0.0
1;42400;COCONUT_COUPON;631;44;;;;;632;44;;;;;631.5;0.0
1;42400;COCONUT;9979;130;9978;67;;;9981;205;;;;;9980.0;0.0
1;42500;COCONUT;9979;100;9978;50;;;9980;100;9981;50;;;9979.5;0.0
1;42500;COCONUT_COUPON;631;52;;;;;632;38;;;;;631.5;0.0
1;42600;COCONUT_COUPON;630;33;;;;;631;33;;;;;630.5;0.0
1;42600;COCONUT;9978;184;;;;;9980;109;9981;75;;;9979.0;0.0
1;42700;COCONUT_COUPON;631;49;;;;;632;33;;;;;631.5;0.0
1;42700;COCONUT;9978;120;9977;72;;;9979;125;9980;72;;;9978.5;0.0
1;42800;COCONUT_COUPON;630;38;;;;;631;38;;;;;630.5;0.0
1;42800;COCONUT;9976;100;9975;43;;;9977;100;9978;43;;;9976.5;0.0
1;42900;COCONUT;9975;127;9974;51;;;9976;132;9977;51;;;9975.5;0.0
1;42900;COCONUT_COUPON;629;32;;;;;630;32;;;;;629.5;0.0
1;43000;COCONUT_COUPON;629;35;;;;;630;35;;;;;629.5;0.0
1;43000;COCONUT;9975;112;9974;48;;;9976;105;9977;48;;;9975.5;0.0
1;43100;COCONUT_COUPON;627;1;626;37;;;628;38;;;;;627.5;0.0
1;43100;COCONUT;9972;105;9971;75;;;9974;180;;;;;9973.0;0.0
1;43200;COCONUT_COUPON;626;39;;;;;628;39;;;;;627.0;0.0
1;43200;COCONUT;9974;107;9973;76;;;9976;183;;;;;9975.0;0.0
1;43300;COCONUT_COUPON;627;39;;;;;628;39;;;;;627.5;0.0
1;43300;COCONUT;9975;122;9974;68;;;9976;131;9977;68;;;9975.5;0.0
1;43400;COCONUT;9976;132;9975;60;;;9977;132;9978;60;;;9976.5;0.0
1;43400;COCONUT_COUPON;626;36;;;;;628;36;;;;;627.0;0.0
1;43500;COCONUT_COUPON;627;26;;;;;628;38;;;;;627.5;0.0
1;43500;COCONUT;9977;124;9976;79;;;9979;203;;;;;9978.0;0.0
1;43600;COCONUT;9977;155;;;;;9979;114;9980;41;;;9978.0;0.0
1;43600;COCONUT_COUPON;627;29;;;;;628;29;;;;;627.5;0.0
1;43700;COCONUT_COUPON;626;49;;;;;627;49;;;;;626.5;0.0
1;43700;COCONUT;9976;193;;;;;9978;140;9979;53;;;9977.0;0.0
1;43800;COCONUT;9978;168;;;;;9980;123;9981;45;;;9979.0;0.0
1;43800;COCONUT_COUPON;626;41;;;;;627;41;;;;;626.5;0.0
1;43900;COCONUT;9978;144;9977;69;;;9979;144;9980;69;;;9978.5;0.0
1;43900;COCONUT_COUPON;627;28;;;;;628;28;;;;;627.5;0.0
1;44000;COCONUT;9980;126;9979;69;;;9981;126;9982;69;;;9980.5;0.0
1;44000;COCONUT_COUPON;628;34;;;;;629;29;;;;;628.5;0.0
1;44100;COCONUT_COUPON;629;43;;;;;630;43;;;;;629.5;0.0
1;44100;COCONUT;9981;144;9980;65;;;9983;209;;;;;9982.0;0.0
1;44200;COCONUT;9980;189;;;;;9982;189;;;;;9981.0;0.0
1;44200;COCONUT_COUPON;629;43;;;;;630;43;;;;;629.5;0.0
1;44300;COCONUT;9981;112;9980;69;;;9983;181;;;;;9982.0;0.0
1;44300;COCONUT_COUPON;629;39;;;;;630;39;;;;;629.5;0.0
1;44400;COCONUT;9980;193;;;;;9982;120;9983;73;;;9981.0;0.0
1;44400;COCONUT_COUPON;627;50;;;;;628;30;;;;;627.5;0.0
1;44500;COCONUT_COUPON;626;42;;;;;627;42;;;;;626.5;0.0
1;44500;COCONUT;9981;134;9980;78;;;9982;134;9983;78;;;9981.5;0.0
1;44600;COCONUT;9980;224;;;;;9982;145;9983;79;;;9981.0;0.0
1;44600;COCONUT_COUPON;627;31;;;;;628;44;;;;;627.5;0.0
1;44700;COCONUT;9981;117;9980;44;;;9982;117;9983;44;;;9981.5;0.0
1;44700;COCONUT_COUPON;627;40;;;;;628;40;;;;;627.5;0.0
1;44800;COCONUT;9980;106;9979;46;;;9981;106;9982;46;;;9980.5;0.0
1;44800;COCONUT_COUPON;625;34;;;;;626;34;;;;;625.5;0.0
1;44900;COCONUT_COUPON;623;46;;;;;624;46;;;;;623.5;0.0
1;44900;COCONUT;9979;146;9978;69;;;9980;146;9981;69;;;9979.5;0.0
1;45000;COCONUT;9980;112;9979;46;;;9981;112;9982;46;;;9980.5;0.0
1;45000;COCONUT_COUPON;623;36;;;;;624;36;;;;;623.5;0.0
1;45100;COCONUT;9977;213;;;;;9979;147;9980;66;;;9978.0;0.0
1;45100;COCONUT_COUPON;621;36;;;;;623;36;;;;;622.0;0.0
1;45200;COCONUT;9978;139;9977;53;;;9979;139;9980;53;;;9978.5;0.0
1;45200;COCONUT_COUPON;620;33;;;;;621;33;;;;;620.5;0.0
1;45300;COCONUT_COUPON;620;40;;;;;621;40;;;;;620.5;0.0
1;45300;COCONUT;9976;145;9975;50;;;9977;145;9978;50;;;9976.5;0.0
1;45400;COCONUT;9975;112;9974;70;;;9976;102;9977;70;;;9975.5;0.0
1;45400;COCONUT_COUPON;619;55;;;;;620;45;;;;;619.5;0.0
1;45500;COCONUT;9972;199;;;;;9974;138;9975;61;;;9973.0;0.0
1;45500;COCONUT_COUPON;617;42;;;;;618;42;;;;;617.5;0.0
1;45600;COCONUT;9972;110;9971;60;;;9973;110;9974;60;;;9972.5;0.0
1;45600;COCONUT_COUPON;619;45;;;;;620;45;;;;;619.5;0.0
1;45700;COCONUT_COUPON;620;22;;;;;621;42;;;;;620.5;0.0
1;45700;COCONUT;9972;126;9971;79;;;9973;126;9974;79;;;9972.5;0.0
1;45800;COCONUT;9971;112;9970;70;;;9972;112;9973;70;;;9971.5;0.0
1;45800;COCONUT_COUPON;619;34;;;;;620;34;;;;;619.5;0.0
1;45900;COCONUT;9971;100;9970;73;;;9972;100;9973;73;;;9971.5;0.0
1;45900;COCONUT_COUPON;621;32;;;;;622;32;;;;;621.5;0.0
1;46000;COCONUT;9972;111;9971;66;;;9973;111;9974;66;;;9972.5;0.0
1;46000;COCONUT_COUPON;620;46;;;;;621;46;;;;;620.5;0.0
1;46100;COCONUT_COUPON;621;51;;;;;622;40;;;;;621.5;0.0
1;46100;COCONUT;9971;111;9970;57;;;9972;111;9973;57;;;9971.5;0.0
1;46200;COCONUT;9970;113;9969;77;;;9972;183;;;;;9971.0;0.0
1;46200;COCONUT_COUPON;619;34;;;;;620;34;;;;;619.5;0.0
1;46300;COCONUT;9970;128;9969;58;;;9971;133;9972;58;;;9970.5;0.0
1;46300;COCONUT_COUPON;619;34;;;;;620;34;;;;;619.5;0.0
1;46400;COCONUT;9969;142;9968;60;;;9970;142;9971;60;;;9969.5;0.0
1;46400;COCONUT_COUPON;617;40;;;;;618;40;;;;;617.5;0.0
1;46500;COCONUT_COUPON;616;41;;;;;617;41;;;;;616.5;0.0
1;46500;COCONUT;9968;151;;;;;9970;106;9971;45;;;9969.0;0.0
1;46600;COCONUT;9967;185;;;;;9969;111;9970;74;;;9968.0;0.0
1;46600;COCONUT_COUPON;616;25;;;;;617;41;;;;;616.5;0.0
1;46700;COCONUT;9968;165;;;;;9970;118;9971;47;;;9969.0;0.0
1;46700;COCONUT_COUPON;616;36;;;;;617;36;;;;;616.5;0.0
1;46800;COCONUT;9968;141;9967;61;;;9969;141;9970;61;;;9968.5;0.0
1;46800;COCONUT_COUPON;615;51;;;;;616;41;;;;;615.5;0.0
1;46900;COCONUT_COUPON;615;45;;;;;616;45;;;;;615.5;0.0
1;46900;COCONUT;9967;162;;;;;9969;108;9970;54;;;9968.0;0.0
1;47000;COCONUT;9967;105;9966;72;;;9968;105;9969;72;;;9967.5;0.0
1;47000;COCONUT_COUPON;613;37;;;;;614;37;;;;;613.5;0.0
1;47100;COCONUT;9967;105;9966;69;;;9969;174;;;;;9968.0;0.0
1;47100;COCONUT_COUPON;613;45;;;;;614;45;;;;;613.5;0.0
1;47200;COCONUT;9969;150;9968;56;;;9970;150;9971;56;;;9969.5;0.0
1;47200;COCONUT_COUPON;616;48;;;;;617;48;;;;;616.5;0.0
1;47300;COCONUT_COUPON;614;59;;;;;615;41;;;;;614.5;0.0
1;47300;COCONUT;9968;201;;;;;9970;135;9971;66;;;9969.0;0.0
1;47400;COCONUT;9968;105;9967;66;;;9970;171;;;;;9969.0;0.0
1;47400;COCONUT_COUPON;612;49;;;;;613;49;;;;;612.5;0.0
1;47500;COCONUT;9967;165;;;;;9969;107;9970;58;;;9968.0;0.0
1;47500;COCONUT_COUPON;611;29;;;;;612;29;;;;;611.5;0.0
1;47600;COCONUT_COUPON;611;44;;;;;612;44;;;;;611.5;0.0
1;47600;COCONUT;9967;100;9966;77;;;9968;100;9969;77;;;9967.5;0.0
1;47700;COCONUT_COUPON;613;37;;;;;614;37;;;;;613.5;0.0
1;47700;COCONUT;9967;191;;;;;9969;120;9970;71;;;9968.0;0.0
1;47800;COCONUT_COUPON;613;45;;;;;614;45;;;;;613.5;0.0
1;47800;COCONUT;9968;109;9967;67;;;9969;109;9970;67;;;9968.5;0.0
1;47900;COCONUT;9967;121;9966;65;;;9969;186;;;;;9968.0;0.0
1;47900;COCONUT_COUPON;613;42;;;;;614;42;;;;;613.5;0.0
1;48000;COCONUT_COUPON;613;38;;;;;614;38;;;;;613.5;0.0
1;48000;COCONUT;9967;120;9966;42;;;9969;162;;;;;9968.0;0.0
1;48100;COCONUT_COUPON;614;33;;;;;615;33;;;;;614.5;0.0
1;48100;COCONUT;9967;118;9966;48;;;9969;166;;;;;9968.0;0.0
1;48200;COCONUT_COUPON;615;41;;;;;616;41;;;;;615.5;0.0
1;48200;COCONUT;9967;104;9966;74;;;9968;104;9969;74;;;9967.5;0.0
1;48300;COCONUT;9965;193;;;;;9966;10;9967;137;9968;56;9965.5;0.0
1;48300;COCONUT_COUPON;614;52;;;;;615;41;;;;;614.5;0.0
1;48400;COCONUT_COUPON;613;37;;;;;614;37;;;;;613.5;0.0
1;48400;COCONUT;9965;144;9964;59;;;9967;203;;;;;9966.0;0.0
1;48500;COCONUT_COUPON;615;48;;;;;616;48;;;;;615.5;0.0
1;48500;COCONUT;9966;125;9965;40;;;9967;125;9968;40;;;9966.5;0.0
1;48600;COCONUT_COUPON;614;44;;;;;615;44;;;;;614.5;0.0
1;48600;COCONUT;9964;140;9963;79;;;9966;224;;;;;9965.0;0.0
1;48700;COCONUT;9965;208;;;;;9967;130;9968;78;;;9966.0;0.0
1;48700;COCONUT_COUPON;613;50;;;;;614;33;;;;;613.5;0.0
1;48800;COCONUT_COUPON;614;46;;;;;615;46;;;;;614.5;0.0
1;48800;COCONUT;9966;140;9965;59;;;9967;140;9968;59;;;9966.5;0.0
1;48900;COCONUT_COUPON;612;29;;;;;613;29;;;;;612.5;0.0
1;48900;COCONUT;9966;10;9965;185;;;9967;106;9968;79;;;9966.5;0.0
1;49000;COCONUT_COUPON;614;47;;;;;615;47;;;;;614.5;0.0
1;49000;COCONUT;9966;211;;;;;9967;8;9968;132;9969;79;9966.5;0.0
1;49100;COCONUT;9967;156;9966;54;;;9968;150;9969;54;;;9967.5;0.0
1;49100;COCONUT_COUPON;614;35;;;;;615;35;;;;;614.5;0.0
1;49200;COCONUT_COUPON;616;45;;;;;617;45;;;;;616.5;0.0
1;49200;COCONUT;9967;150;9966;79;;;9968;150;9969;79;;;9967.5;0.0
1;49300;COCONUT_COUPON;615;37;;;;;616;37;;;;;615.5;0.0
1;49300;COCONUT;9966;174;;;;;9968;112;9969;62;;;9967.0;0.0
1;49400;COCONUT_COUPON;614;30;;;;;615;30;;;;;614.5;0.0
1;49400;COCONUT;9965;114;9964;54;;;9966;114;9967;54;;;9965.5;0.0
1;49500;COCONUT;9964;179;;;;;9966;109;9967;70;;;9965.0;0.0
1;49500;COCONUT_COUPON;614;37;;;;;615;27;;;;;614.5;0.0
1;49600;COCONUT_COUPON;613;18;;;;;614;38;;;;;613.5;0.0
1;49600;COCONUT;9963;128;9962;62;;;9964;128;9965;62;;;9963.5;0.0
1;49700;COCONUT_COUPON;616;32;;;;;617;32;;;;;616.5;0.0
1;49700;COCONUT;9964;122;9963;76;;;9965;122;9966;76;;;9964.5;0.0
1;49800;COCONUT_COUPON;615;45;;;;;616;45;;;;;615.5;0.0
1;49800;COCONUT;9965;147;9964;56;;;9966;147;9967;56;;;9965.5;0.0
1;49900;COCONUT;9966;111;9965;51;;;9967;111;9968;51;;;9966.5;0.0
1;49900;COCONUT_COUPON;618;41;;;;;619;41;;;;;618.5;0.0
1;50000;COCONUT_COUPON;618;38;;;;;619;38;;;;;618.5;0.0
1;50000;COCONUT;9967;145;9966;57;;;9969;202;;;;;9968.0;0.0
1;50100;COCONUT_COUPON;619;38;;;;;620;38;;;;;619.5;0.0
1;50100;COCONUT;9968;134;9967;71;;;9969;134;9970;71;;;9968.5;0.0
1;50200;COCONUT_COUPON;618;58;;;;;619;43;;;;;618.5;0.0
1;50200;COCONUT;9966;188;;;;;9968;147;9969;41;;;9967.0;0.0
1;50300;COCONUT;9968;119;9967;57;;;9969;119;9970;57;;;9968.5;0.0
1;50300;COCONUT_COUPON;617;40;;;;;618;40;;;;;617.5;0.0
1;50400;COCONUT_COUPON;615;43;;;;;616;43;;;;;615.5;0.0
1;50400;COCONUT;9968;130;9967;55;;;9969;130;9970;55;;;9968.5;0.0
1;50500;COCONUT_COUPON;616;38;;;;;617;38;;;;;616.5;0.0
1;50500;COCONUT;9968;131;9967;48;;;9970;179;;;;;9969.0;0.0
1;50600;COCONUT_COUPON;616;30;;;;;617;43;;;;;616.5;0.0
1;50600;COCONUT;9970;134;9969;48;;;9971;127;9972;48;;;9970.5;0.0
1;50700;COCONUT;9971;137;9970;61;;;9972;137;9973;61;;;9971.5;0.0
1;50700;COCONUT_COUPON;617;26;;;;;619;26;;;;;618.0;0.0
1;50800;COCONUT_COUPON;618;36;;;;;620;36;;;;;619.0;0.0
1;50800;COCONUT;9971;148;9970;70;;;9972;148;9973;70;;;9971.5;0.0
1;50900;COCONUT_COUPON;620;32;;;;;621;32;;;;;620.5;0.0
1;50900;COCONUT;9970;213;;;;;9972;146;9973;67;;;9971.0;0.0
1;51000;COCONUT_COUPON;620;46;;;;;621;46;;;;;620.5;0.0
1;51000;COCONUT;9970;126;9969;46;;;9972;172;;;;;9971.0;0.0
1;51100;COCONUT;9968;137;9967;42;;;9969;137;9970;42;;;9968.5;0.0
1;51100;COCONUT_COUPON;619;15;;;;;620;29;;;;;619.5;0.0
1;51200;COCONUT_COUPON;617;37;;;;;619;37;;;;;618.0;0.0
1;51200;COCONUT;9967;147;9966;59;;;9968;147;9969;59;;;9967.5;0.0
1;51300;COCONUT_COUPON;618;38;;;;;619;38;;;;;618.5;0.0
1;51300;COCONUT;9968;100;9967;72;;;9969;97;9970;72;;;9968.5;0.0
1;51400;COCONUT_COUPON;618;44;;;;;619;44;;;;;618.5;0.0
1;51400;COCONUT;9966;188;;;;;9968;130;9969;58;;;9967.0;0.0
1;51500;COCONUT;9966;179;;;;;9968;139;9969;40;;;9967.0;0.0
1;51500;COCONUT_COUPON;616;39;;;;;618;39;;;;;617.0;0.0
1;51600;COCONUT_COUPON;617;38;;;;;619;38;;;;;618.0;0.0
1;51600;COCONUT;9967;144;9966;43;;;9969;187;;;;;9968.0;0.0
1;51700;COCONUT_COUPON;618;42;;;;;619;42;;;;;618.5;0.0
1;51700;COCONUT;9968;111;9967;75;;;9969;111;9970;75;;;9968.5;0.0
1;51800;COCONUT_COUPON;619;46;;;;;620;46;;;;;619.5;0.0
1;51800;COCONUT;9968;110;9967;74;;;9970;184;;;;;9969.0;0.0
1;51900;COCONUT;9968;172;;;;;9970;121;9971;51;;;9969.0;0.0
1;51900;COCONUT_COUPON;619;41;;;;;621;41;;;;;620.0;0.0
1;52000;COCONUT;9969;146;9968;56;;;9971;202;;;;;9970.0;0.0
1;52000;COCONUT_COUPON;618;45;;;;;620;45;;;;;619.0;0.0
1;52100;COCONUT_COUPON;619;38;;;;;621;38;;;;;620.0;0.0
1;52100;COCONUT;9970;127;9969;71;;;9971;127;9972;71;;;9970.5;0.0
1;52200;COCONUT_COUPON;618;41;;;;;619;41;;;;;618.5;0.0
1;52200;COCONUT;9970;127;9969;42;;;9971;135;9972;42;;;9970.5;0.0
1;52300;COCONUT_COUPON;618;43;;;;;619;43;;;;;618.5;0.0
1;52300;COCONUT;9970;193;;;;;9972;114;9973;79;;;9971.0;0.0
1;52400;COCONUT;9970;186;;;;;9972;110;9973;76;;;9971.0;0.0
1;52400;COCONUT_COUPON;619;58;;;;;620;49;;;;;619.5;0.0
1;52500;COCONUT;9971;102;9970;80;;;9973;182;;;;;9972.0;0.0
1;52500;COCONUT_COUPON;620;40;;;;;621;10;622;42;;;620.5;0.0
1;52600;COCONUT;9971;199;;;;;9973;129;9974;70;;;9972.0;0.0
1;52600;COCONUT_COUPON;620;45;;;;;621;45;;;;;620.5;0.0
1;52700;COCONUT_COUPON;622;35;;;;;623;35;;;;;622.5;0.0
1;52700;COCONUT;9972;142;9971;73;;;9973;142;9974;73;;;9972.5;0.0
1;52800;COCONUT;9972;132;9971;61;;;9973;135;9974;61;;;9972.5;0.0
1;52800;COCONUT_COUPON;623;47;;;;;624;47;;;;;623.5;0.0
1;52900;COCONUT;9971;147;9970;78;;;9973;225;;;;;9972.0;0.0
1;52900;COCONUT_COUPON;620;34;;;;;621;34;;;;;620.5;0.0
1;53000;COCONUT;9971;118;9970;49;;;9973;167;;;;;9972.0;0.0
1;53000;COCONUT_COUPON;620;41;;;;;621;41;;;;;620.5;0.0
1;53100;COCONUT_COUPON;619;44;;;;;620;44;;;;;619.5;0.0
1;53100;COCONUT;9971;141;9970;55;;;9972;131;9973;55;;;9971.5;0.0
1;53200;COCONUT;9972;147;9971;79;;;9974;226;;;;;9973.0;0.0
1;53200;COCONUT_COUPON;620;50;;;;;621;50;;;;;620.5;0.0
1;53300;COCONUT;9972;105;9971;65;;;9974;170;;;;;9973.0;0.0
1;53300;COCONUT_COUPON;620;32;;;;;621;32;;;;;620.5;0.0
1;53400;COCONUT;9974;138;9973;64;;;9976;202;;;;;9975.0;0.0
1;53400;COCONUT_COUPON;621;37;;;;;622;37;;;;;621.5;0.0
1;53500;COCONUT_COUPON;620;33;;;;;621;33;;;;;620.5;0.0
1;53500;COCONUT;9974;119;9973;80;;;9975;119;9976;80;;;9974.5;0.0
1;53600;COCONUT;9975;106;9974;77;;;9977;183;;;;;9976.0;0.0
1;53600;COCONUT_COUPON;621;39;;;;;622;39;;;;;621.5;0.0
1;53700;COCONUT;9973;103;9972;72;;;9975;175;;;;;9974.0;0.0
1;53700;COCONUT_COUPON;622;45;;;;;623;45;;;;;622.5;0.0
1;53800;COCONUT;9974;132;9973;62;;;9975;132;9976;62;;;9974.5;0.0
1;53800;COCONUT_COUPON;621;38;;;;;622;38;;;;;621.5;0.0
1;53900;COCONUT_COUPON;623;45;;;;;624;45;;;;;623.5;0.0
1;53900;COCONUT;9974;105;9973;77;;;9976;182;;;;;9975.0;0.0
1;54000;COCONUT;9974;137;9973;67;;;9976;204;;;;;9975.0;0.0
1;54000;COCONUT_COUPON;622;69;;;;;623;43;;;;;622.5;0.0
1;54100;COCONUT;9975;144;;;;;9977;103;9978;41;;;9976.0;0.0
1;54100;COCONUT_COUPON;622;45;;;;;624;45;;;;;623.0;0.0
1;54200;COCONUT;9975;114;9974;77;;;9976;114;9977;77;;;9975.5;0.0
1;54200;COCONUT_COUPON;622;5;621;43;;;623;43;;;;;622.5;0.0
1;54300;COCONUT_COUPON;622;47;;;;;623;47;;;;;622.5;0.0
1;54300;COCONUT;9976;174;;;;;9978;119;9979;55;;;9977.0;0.0
1;54400;COCONUT;9976;137;9975;50;;;9978;187;;;;;9977.0;0.0
1;54400;COCONUT_COUPON;621;31;;;;;622;42;;;;;621.5;0.0
1;54500;COCONUT;9976;146;9975;46;;;9978;192;;;;;9977.0;0.0
1;54500;COCONUT_COUPON;621;31;;;;;622;31;;;;;621.5;0.0
1;54600;COCONUT;9975;109;9974;45;;;9977;154;;;;;9976.0;0.0
1;54600;COCONUT_COUPON;623;52;;;;;624;35;;;;;623.5;0.0
1;54700;COCONUT_COUPON;622;50;;;;;623;50;;;;;622.5;0.0
1;54700;COCONUT;9975;176;;;;;9977;114;9978;62;;;9976.0;0.0
1;54800;COCONUT;9975;132;9974;57;;;9977;189;;;;;9976.0;0.0
1;54800;COCONUT_COUPON;623;43;;;;;624;43;;;;;623.5;0.0
1;54900;COCONUT;9975;131;9974;56;;;9977;187;;;;;9976.0;0.0
1;54900;COCONUT_COUPON;623;45;;;;;624;45;;;;;623.5;0.0
1;55000;COCONUT;9975;123;9974;63;;;9977;186;;;;;9976.0;0.0
1;55000;COCONUT_COUPON;626;40;;;;;627;40;;;;;626.5;0.0
1;55100;COCONUT_COUPON;626;33;;;;;627;33;;;;;626.5;0.0
1;55100;COCONUT;9975;185;;;;;9977;134;9978;51;;;9976.0;0.0
1;55200;COCONUT;9974;105;9973;67;;;9976;172;;;;;9975.0;0.0
1;55200;COCONUT_COUPON;626;42;;;;;627;42;;;;;626.5;0.0
1;55300;COCONUT;9974;100;9973;71;;;9975;100;9976;71;;;9974.5;0.0
1;55300;COCONUT_COUPON;625;10;;;;;626;26;;;;;625.5;0.0
1;55400;COCONUT;9974;111;9973;60;;;9975;114;9976;60;;;9974.5;0.0
1;55400;COCONUT_COUPON;626;48;;;;;627;37;;;;;626.5;0.0
1;55500;COCONUT_COUPON;626;28;;;;;628;28;;;;;627.0;0.0
1;55500;COCONUT;9974;147;9973;58;;;9975;147;9976;58;;;9974.5;0.0
1;55600;COCONUT;9973;133;9972;77;;;9975;210;;;;;9974.0;0.0
1;55600;COCONUT_COUPON;626;28;;;;;627;28;;;;;626.5;0.0
1;55700;COCONUT;9973;100;9972;65;;;9974;100;9975;65;;;9973.5;0.0
1;55700;COCONUT_COUPON;625;42;;;;;626;42;;;;;625.5;0.0
1;55800;COCONUT;9972;101;9971;58;;;9974;159;;;;;9973.0;0.0
1;55800;COCONUT_COUPON;626;31;;;;;627;31;;;;;626.5;0.0
1;55900;COCONUT_COUPON;624;48;;;;;625;48;;;;;624.5;0.0
1;55900;COCONUT;9971;134;9970;61;;;9973;195;;;;;9972.0;0.0
1;56000;COCONUT;9972;109;9971;60;;;9973;109;9974;60;;;9972.5;0.0
1;56000;COCONUT_COUPON;625;46;;;;;627;46;;;;;626.0;0.0
1;56100;COCONUT;9973;128;9972;69;;;9975;197;;;;;9974.0;0.0
1;56100;COCONUT_COUPON;627;39;;;;;628;39;;;;;627.5;0.0
1;56200;COCONUT;9973;139;9972;76;;;9974;148;9975;76;;;9973.5;0.0
1;56200;COCONUT_COUPON;628;32;;;;;629;32;;;;;628.5;0.0
1;56300;COCONUT_COUPON;627;32;;;;;628;32;;;;;627.5;0.0
1;56300;COCONUT;9973;144;9972;68;;;9974;144;9975;68;;;9973.5;0.0
1;56400;COCONUT_COUPON;625;35;;;;;626;35;;;;;625.5;0.0
1;56400;COCONUT;9970;106;9969;55;;;9971;106;9972;55;;;9970.5;0.0
1;56500;COCONUT;9971;108;9970;66;;;9973;174;;;;;9972.0;0.0
1;56500;COCONUT_COUPON;625;41;;;;;626;34;;;;;625.5;0.0
1;56600;COCONUT_COUPON;625;39;;;;;626;39;;;;;625.5;0.0
1;56600;COCONUT;9972;123;9971;49;;;9973;123;9974;49;;;9972.5;0.0
1;56700;COCONUT_COUPON;625;43;;;;;626;43;;;;;625.5;0.0
1;56700;COCONUT;9969;125;9968;57;;;9971;182;;;;;9970.0;0.0
1;56800;COCONUT_COUPON;625;28;;;;;626;28;;;;;625.5;0.0
1;56800;COCONUT;9971;112;9970;54;;;9972;112;9973;54;;;9971.5;0.0
1;56900;COCONUT;9971;103;9970;60;;;9972;103;9973;60;;;9971.5;0.0
1;56900;COCONUT_COUPON;624;34;;;;;625;34;;;;;624.5;0.0
1;57000;COCONUT_COUPON;624;40;;;;;625;40;;;;;624.5;0.0
1;57000;COCONUT;9971;143;9970;78;;;9972;143;9973;78;;;9971.5;0.0
1;57100;COCONUT_COUPON;623;40;;;;;624;40;;;;;623.5;0.0
1;57100;COCONUT;9969;115;9968;80;;;9971;195;;;;;9970.0;0.0
1;57200;COCONUT_COUPON;623;31;;;;;624;31;;;;;623.5;0.0
1;57200;COCONUT;9969;142;9968;58;;;9970;142;9971;58;;;9969.5;0.0
1;57300;COCONUT;9967;122;9966;63;;;9968;122;9969;63;;;9967.5;0.0
1;57300;COCONUT_COUPON;623;37;;;;;624;37;;;;;623.5;0.0
1;57400;COCONUT_COUPON;621;32;;;;;622;26;;;;;621.5;0.0
1;57400;COCONUT;9966;181;;;;;9968;114;9969;67;;;9967.0;0.0
1;57500;COCONUT_COUPON;622;25;;;;;623;39;;;;;622.5;0.0
1;57500;COCONUT;9967;199;;;;;9969;134;9970;65;;;9968.0;0.0
1;57600;COCONUT_COUPON;621;50;;;;;622;50;;;;;621.5;0.0
1;57600;COCONUT;9967;142;9966;47;;;9968;142;9969;47;;;9967.5;0.0
1;57700;COCONUT;9965;113;9964;76;;;9967;189;;;;;9966.0;0.0
1;57700;COCONUT_COUPON;619;38;;;;;620;38;;;;;619.5;0.0
1;57800;COCONUT_COUPON;619;32;;;;;620;32;;;;;619.5;0.0
1;57800;COCONUT;9966;146;9965;55;;;9967;146;9968;55;;;9966.5;0.0
1;57900;COCONUT_COUPON;617;46;;;;;618;46;;;;;617.5;0.0
1;57900;COCONUT;9964;153;;;;;9966;106;9967;47;;;9965.0;0.0
1;58000;COCONUT_COUPON;617;34;;;;;618;34;;;;;617.5;0.0
1;58000;COCONUT;9964;207;;;;;9966;135;9967;70;;;9965.0;0.0
1;58100;COCONUT;9964;206;;;;;9966;130;9967;76;;;9965.0;0.0
1;58100;COCONUT_COUPON;618;36;;;;;619;36;;;;;618.5;0.0
1;58200;COCONUT_COUPON;617;38;;;;;618;38;;;;;617.5;0.0
1;58200;COCONUT;9966;117;9965;50;;;9967;117;9968;50;;;9966.5;0.0
1;58300;COCONUT_COUPON;617;39;;;;;618;39;;;;;617.5;0.0
1;58300;COCONUT;9966;112;9965;77;;;9967;112;9968;77;;;9966.5;0.0
1;58400;COCONUT_COUPON;618;28;;;;;619;28;;;;;618.5;0.0
1;58400;COCONUT;9966;144;9965;76;;;9968;220;;;;;9967.0;0.0
1;58500;COCONUT;9964;101;9963;80;;;9966;181;;;;;9965.0;0.0
1;58500;COCONUT_COUPON;617;47;;;;;618;47;;;;;617.5;0.0
1;58600;COCONUT_COUPON;615;40;;;;;616;40;;;;;615.5;0.0
1;58600;COCONUT;9964;130;9963;47;;;9966;177;;;;;9965.0;0.0
1;58700;COCONUT_COUPON;616;35;;;;;617;35;;;;;616.5;0.0
1;58700;COCONUT;9964;115;9963;69;;;9965;108;9966;69;;;9964.5;0.0
1;58800;COCONUT_COUPON;615;35;;;;;616;35;;;;;615.5;0.0
1;58800;COCONUT;9962;129;9961;40;;;9963;129;9964;40;;;9962.5;0.0
1;58900;COCONUT;9962;110;9961;52;;;9963;110;9964;52;;;9962.5;0.0
1;58900;COCONUT_COUPON;615;32;;;;;616;32;;;;;615.5;0.0
1;59000;COCONUT_COUPON;617;31;;;;;618;48;;;;;617.5;0.0
1;59000;COCONUT;9962;187;;;;;9964;144;9965;43;;;9963.0;0.0
1;59100;COCONUT_COUPON;615;27;;;;;616;27;;;;;615.5;0.0
1;59100;COCONUT;9961;117;9960;78;;;9962;117;9963;78;;;9961.5;0.0
1;59200;COCONUT_COUPON;615;65;;;;;616;47;;;;;615.5;0.0
1;59200;COCONUT;9960;124;9959;66;;;9961;124;9962;66;;;9960.5;0.0
1;59300;COCONUT;9960;108;9959;78;;;9961;113;9962;78;;;9960.5;0.0
1;59300;COCONUT_COUPON;615;40;;;;;616;40;;;;;615.5;0.0
1;59400;COCONUT_COUPON;616;34;;;;;617;34;;;;;616.5;0.0
1;59400;COCONUT;9960;150;9959;40;;;9961;150;9962;40;;;9960.5;0.0
1;59500;COCONUT_COUPON;616;40;;;;;617;40;;;;;616.5;0.0
1;59500;COCONUT;9960;228;;;;;9962;148;9963;80;;;9961.0;0.0
1;59600;COCONUT_COUPON;616;32;;;;;617;41;;;;;616.5;0.0
1;59600;COCONUT;9959;8;9958;155;;;9960;110;9961;45;;;9959.5;0.0
1;59700;COCONUT;9957;190;;;;;9959;114;9960;76;;;9958.0;0.0
1;59700;COCONUT_COUPON;616;40;;;;;617;40;;;;;616.5;0.0
1;59800;COCONUT_COUPON;617;37;;;;;618;37;;;;;617.5;0.0
1;59800;COCONUT;9958;124;9957;71;;;9959;117;9960;71;;;9958.5;0.0
1;59900;COCONUT_COUPON;616;35;;;;;617;35;;;;;616.5;0.0
1;59900;COCONUT;9956;124;9955;55;;;9958;179;;;;;9957.0;0.0
1;60000;COCONUT_COUPON;616;43;;;;;617;43;;;;;616.5;0.0
1;60000;COCONUT;9954;115;9953;72;;;9956;187;;;;;9955.0;0.0
1;60100;COCONUT;9955;147;9954;54;;;9956;147;9957;54;;;9955.5;0.0
1;60100;COCONUT_COUPON;615;33;;;;;616;33;;;;;615.5;0.0
1;60200;COCONUT_COUPON;614;33;;;;;615;33;;;;;614.5;0.0
1;60200;COCONUT;9954;133;9953;75;;;9955;133;9956;75;;;9954.5;0.0
1;60300;COCONUT_COUPON;616;49;;;;;617;49;;;;;616.5;0.0
1;60300;COCONUT;9955;202;;;;;9957;142;9958;60;;;9956.0;0.0
1;60400;COCONUT_COUPON;615;38;;;;;616;38;;;;;615.5;0.0
1;60400;COCONUT;9955;115;9954;49;;;9956;115;9957;49;;;9955.5;0.0
1;60500;COCONUT;9955;142;9954;48;;;9956;142;9957;48;;;9955.5;0.0
1;60500;COCONUT_COUPON;616;48;;;;;617;48;;;;;616.5;0.0
1;60600;COCONUT_COUPON;615;39;;;;;616;39;;;;;615.5;0.0
1;60600;COCONUT;9955;144;9954;61;;;9957;205;;;;;9956.0;0.0
1;60700;COCONUT_COUPON;613;41;;;;;614;41;;;;;613.5;0.0
1;60700;COCONUT;9955;201;;;;;9957;142;9958;59;;;9956.0;0.0
1;60800;COCONUT_COUPON;613;34;;;;;614;34;;;;;613.5;0.0
1;60800;COCONUT;9956;126;9955;80;;;9957;126;9958;80;;;9956.5;0.0
1;60900;COCONUT_COUPON;615;22;614;30;;;616;43;;;;;615.5;0.0
1;60900;COCONUT;9957;120;9956;71;;;9958;120;9959;71;;;9957.5;0.0
1;61000;COCONUT;9956;129;9955;74;;;9957;129;9958;74;;;9956.5;0.0
1;61000;COCONUT_COUPON;614;42;;;;;615;42;;;;;614.5;0.0
1;61100;COCONUT_COUPON;614;55;;;;;615;42;;;;;614.5;0.0
1;61100;COCONUT;9956;125;9955;41;;;9957;134;9958;41;;;9956.5;0.0
1;61200;COCONUT_COUPON;613;44;;;;;614;44;;;;;613.5;0.0
1;61200;COCONUT;9954;151;;;;;9956;110;9957;41;;;9955.0;0.0
1;61300;COCONUT_COUPON;613;26;;;;;614;26;;;;;613.5;0.0
1;61300;COCONUT;9953;143;9952;69;;;9954;143;9955;69;;;9953.5;0.0
1;61400;COCONUT;9952;116;9951;80;;;9954;196;;;;;9953.0;0.0
1;61400;COCONUT_COUPON;613;50;;;;;614;40;;;;;613.5;0.0
1;61500;COCONUT;9951;144;9950;73;;;9953;217;;;;;9952.0;0.0
1;61500;COCONUT_COUPON;612;34;;;;;613;34;;;;;612.5;0.0
1;61600;COCONUT;9952;190;;;;;9954;134;9955;59;;;9953.0;0.0
1;61600;COCONUT_COUPON;613;27;;;;;614;27;;;;;613.5;0.0
1;61700;COCONUT_COUPON;612;45;;;;;613;45;;;;;612.5;0.0
1;61700;COCONUT;9953;106;9952;75;;;9955;181;;;;;9954.0;0.0
1;61800;COCONUT;9952;199;;;;;9954;199;;;;;9953.0;0.0
1;61800;COCONUT_COUPON;612;37;;;;;613;37;;;;;612.5;0.0
1;61900;COCONUT;9951;145;9950;53;;;9952;136;9953;53;;;9951.5;0.0
1;61900;COCONUT_COUPON;610;24;;;;;611;38;;;;;610.5;0.0
1;62000;COCONUT;9950;102;9949;73;;;9952;175;;;;;9951.0;0.0
1;62000;COCONUT_COUPON;608;35;;;;;609;35;;;;;608.5;0.0
1;62100;COCONUT_COUPON;609;43;;;;;610;43;;;;;609.5;0.0
1;62100;COCONUT;9950;129;9949;70;;;9952;199;;;;;9951.0;0.0
1;62200;COCONUT;9950;108;9949;64;;;9951;108;9952;64;;;9950.5;0.0
1;62200;COCONUT_COUPON;606;35;;;;;607;35;;;;;606.5;0.0
1;62300;COCONUT;9950;117;9949;59;;;9951;117;9952;59;;;9950.5;0.0
1;62300;COCONUT_COUPON;605;29;;;;;606;29;;;;;605.5;0.0
1;62400;COCONUT;9949;110;9948;76;;;9951;186;;;;;9950.0;0.0
1;62400;COCONUT_COUPON;605;44;;;;;606;44;;;;;605.5;0.0
1;62500;COCONUT_COUPON;605;43;;;;;606;43;;;;;605.5;0.0
1;62500;COCONUT;9949;5;9948;171;;;9950;118;9951;53;;;9949.5;0.0
1;62600;COCONUT;9947;156;;;;;9949;105;9950;51;;;9948.0;0.0
1;62600;COCONUT_COUPON;605;16;;;;;606;34;;;;;605.5;0.0
1;62700;COCONUT;9948;198;;;;;9950;146;9951;52;;;9949.0;0.0
1;62700;COCONUT_COUPON;607;39;;;;;608;39;;;;;607.5;0.0
1;62800;COCONUT;9948;212;;;;;9950;133;9951;79;;;9949.0;0.0
1;62800;COCONUT_COUPON;606;37;;;;;607;37;;;;;606.5;0.0
1;62900;COCONUT_COUPON;606;25;;;;;607;40;;;;;606.5;0.0
1;62900;COCONUT;9947;141;9946;56;;;9948;141;9949;56;;;9947.5;0.0
1;63000;COCONUT;9948;128;9947;77;;;9949;128;9950;77;;;9948.5;0.0
1;63000;COCONUT_COUPON;604;32;;;;;606;32;;;;;605.0;0.0
1;63100;COCONUT;9948;142;9947;80;;;9949;142;9950;80;;;9948.5;0.0
1;63100;COCONUT_COUPON;604;37;;;;;605;37;;;;;604.5;0.0
1;63200;COCONUT;9945;184;;;;;9947;133;9948;51;;;9946.0;0.0
1;63200;COCONUT_COUPON;605;40;;;;;606;40;;;;;605.5;0.0
1;63300;COCONUT_COUPON;606;45;;;;;607;39;;;;;606.5;0.0
1;63300;COCONUT;9945;144;9944;72;;;9947;216;;;;;9946.0;0.0
1;63400;COCONUT;9946;110;9945;64;;;9947;110;9948;64;;;9946.5;0.0
1;63400;COCONUT_COUPON;606;40;;;;;607;40;;;;;606.5;0.0
1;63500;COCONUT;9946;142;9945;56;;;9948;198;;;;;9947.0;0.0
1;63500;COCONUT_COUPON;604;55;;;;;605;40;;;;;604.5;0.0
1;63600;COCONUT;9945;201;;;;;9947;126;9948;75;;;9946.0;0.0
1;63600;COCONUT_COUPON;604;46;;;;;605;46;;;;;604.5;0.0
1;63700;COCONUT_COUPON;603;35;;;;;605;35;;;;;604.0;0.0
1;63700;COCONUT;9945;109;9944;40;;;9946;109;9947;40;;;9945.5;0.0
1;63800;COCONUT;9943;176;;;;;9945;109;9946;67;;;9944.0;0.0
1;63800;COCONUT_COUPON;601;36;;;;;602;36;;;;;601.5;0.0
1;63900;COCONUT;9945;121;9944;65;;;9946;121;9947;65;;;9945.5;0.0
1;63900;COCONUT_COUPON;603;35;;;;;604;35;;;;;603.5;0.0
1;64000;COCONUT;9945;132;9944;51;;;9947;183;;;;;9946.0;0.0
1;64000;COCONUT_COUPON;600;47;;;;;601;47;;;;;600.5;0.0
1;64100;COCONUT_COUPON;603;36;;;;;604;36;;;;;603.5;0.0
1;64100;COCONUT;9945;176;;;;;9947;102;9948;71;;;9946.0;0.0
1;64200;COCONUT;9946;207;;;;;9948;150;9949;57;;;9947.0;0.0
1;64200;COCONUT_COUPON;603;35;;;;;604;35;;;;;603.5;0.0
1;64300;COCONUT;9946;133;9945;73;;;9947;133;9948;73;;;9946.5;0.0
1;64300;COCONUT_COUPON;602;40;;;;;603;40;;;;;602.5;0.0
1;64400;COCONUT;9944;111;9943;51;;;9946;162;;;;;9945.0;0.0
1;64400;COCONUT_COUPON;601;36;;;;;602;36;;;;;601.5;0.0
1;64500;COCONUT_COUPON;601;43;;;;;602;43;;;;;601.5;0.0
1;64500;COCONUT;9943;198;;;;;9945;198;;;;;9944.0;0.0
1;64600;COCONUT;9943;191;;;;;9945;124;9946;67;;;9944.0;0.0
1;64600;COCONUT_COUPON;601;47;;;;;602;33;;;;;601.5;0.0
1;64700;COCONUT;9943;115;9942;42;;;9944;115;9945;42;;;9943.5;0.0
1;64700;COCONUT_COUPON;602;35;;;;;603;35;;;;;602.5;0.0
1;64800;COCONUT;9943;150;9942;44;;;9944;150;9945;44;;;9943.5;0.0
1;64800;COCONUT_COUPON;602;53;;;;;603;36;;;;;602.5;0.0
1;64900;COCONUT_COUPON;601;41;;;;;602;41;;;;;601.5;0.0
1;64900;COCONUT;9942;149;;;;;9944;103;9945;46;;;9943.0;0.0
1;65000;COCONUT;9942;119;9941;72;;;9944;191;;;;;9943.0;0.0
1;65000;COCONUT_COUPON;599;48;;;;;601;48;;;;;600.0;0.0
1;65100;COCONUT;9943;120;9942;62;;;9945;182;;;;;9944.0;0.0
1;65100;COCONUT_COUPON;600;51;;;;;601;33;;;;;600.5;0.0
1;65200;COCONUT;9943;117;9942;49;;;9944;117;9945;49;;;9943.5;0.0
1;65200;COCONUT_COUPON;600;38;;;;;601;38;;;;;600.5;0.0
1;65300;COCONUT_COUPON;601;40;;;;;602;40;;;;;601.5;0.0
1;65300;COCONUT;9943;142;9942;77;;;9945;219;;;;;9944.0;0.0
1;65400;COCONUT_COUPON;602;32;;;;;603;32;;;;;602.5;0.0
1;65400;COCONUT;9944;108;9943;74;;;9945;108;9946;74;;;9944.5;0.0
1;65500;COCONUT;9943;131;9942;62;;;9944;136;9945;62;;;9943.5;0.0
1;65500;COCONUT_COUPON;602;35;;;;;603;35;;;;;602.5;0.0
1;65600;COCONUT_COUPON;600;48;;;;;601;48;;;;;600.5;0.0
1;65600;COCONUT;9942;149;9941;69;;;9943;149;9944;69;;;9942.5;0.0
1;65700;COCONUT_COUPON;597;43;;;;;599;43;;;;;598.0;0.0
1;65700;COCONUT;9942;172;;;;;9944;126;9945;46;;;9943.0;0.0
1;65800;COCONUT_COUPON;600;35;;;;;601;35;;;;;600.5;0.0
1;65800;COCONUT;9945;129;9944;64;;;9946;136;9947;64;;;9945.5;0.0
1;65900;COCONUT;9943;110;9942;79;;;9944;103;9945;79;;;9943.5;0.0
1;65900;COCONUT_COUPON;599;42;;;;;600;42;;;;;599.5;0.0
1;66000;COCONUT_COUPON;600;53;;;;;601;37;;;;;600.5;0.0
1;66000;COCONUT;9943;146;9942;68;;;9944;146;9945;68;;;9943.5;0.0
1;66100;COCONUT_COUPON;599;52;;;;;600;34;;;;;599.5;0.0
1;66100;COCONUT;9943;116;9942;64;;;9944;116;9945;64;;;9943.5;0.0
1;66200;COCONUT_COUPON;602;45;;;;;603;45;;;;;602.5;0.0
1;66200;COCONUT;9944;146;9943;58;;;9945;146;9946;58;;;9944.5;0.0
1;66300;COCONUT;9945;133;9944;63;;;9946;133;9947;63;;;9945.5;0.0
1;66300;COCONUT_COUPON;604;45;;;;;605;38;;;;;604.5;0.0
1;66400;COCONUT_COUPON;603;43;;;;;604;43;;;;;603.5;0.0
1;66400;COCONUT;9945;102;9944;48;;;9946;102;9947;48;;;9945.5;0.0
1;66500;COCONUT_COUPON;604;36;;;;;605;36;;;;;604.5;0.0
1;66500;COCONUT;9946;164;;;;;9948;113;9949;51;;;9947.0;0.0
1;66600;COCONUT_COUPON;604;41;;;;;605;41;;;;;604.5;0.0
1;66600;COCONUT;9946;141;9945;80;;;9947;141;9948;80;;;9946.5;0.0
1;66700;COCONUT;9945;181;;;;;9947;107;9948;74;;;9946.0;0.0
1;66700;COCONUT_COUPON;605;32;;;;;607;32;;;;;606.0;0.0
1;66800;COCONUT_COUPON;605;31;;;;;606;31;;;;;605.5;0.0
1;66800;COCONUT;9944;116;9943;77;;;9946;193;;;;;9945.0;0.0
1;66900;COCONUT_COUPON;605;37;;;;;606;37;;;;;605.5;0.0
1;66900;COCONUT;9943;122;9942;69;;;9945;198;;;;;9944.0;0.0
1;67000;COCONUT_COUPON;608;45;;;;;609;45;;;;;608.5;0.0
1;67000;COCONUT;9944;150;9943;61;;;9945;142;9946;61;;;9944.5;0.0
1;67100;COCONUT;9946;139;9945;65;;;9947;139;9948;65;;;9946.5;0.0
1;67100;COCONUT_COUPON;609;37;;;;;610;37;;;;;609.5;0.0
1;67200;COCONUT_COUPON;608;45;;;;;609;45;;;;;608.5;0.0
1;67200;COCONUT;9945;146;9944;47;;;9947;193;;;;;9946.0;0.0
1;67300;COCONUT_COUPON;609;30;;;;;610;41;;;;;609.5;0.0
1;67300;COCONUT;9946;123;9945;44;;;9947;123;9948;44;;;9946.5;0.0
1;67400;COCONUT_COUPON;609;34;;;;;611;34;;;;;610.0;0.0
1;67400;COCONUT;9946;137;9945;44;;;9948;181;;;;;9947.0;0.0
1;67500;COCONUT;9946;126;9945;52;;;9948;178;;;;;9947.0;0.0
1;67500;COCONUT_COUPON;610;57;;;;;611;38;;;;;610.5;0.0
1;67600;COCONUT_COUPON;611;38;;;;;612;38;;;;;611.5;0.0
1;67600;COCONUT;9946;126;9945;60;;;9947;126;9948;60;;;9946.5;0.0
1;67700;COCONUT_COUPON;610;36;;;;;612;36;;;;;611.0;0.0
1;67700;COCONUT;9947;207;;;;;9949;129;9950;78;;;9948.0;0.0
1;67800;COCONUT_COUPON;611;34;;;;;612;34;;;;;611.5;0.0
1;67800;COCONUT;9948;142;9947;60;;;9950;202;;;;;9949.0;0.0
1;67900;COCONUT;9949;106;9948;50;;;9951;156;;;;;9950.0;0.0
1;67900;COCONUT_COUPON;612;41;;;;;613;41;;;;;612.5;0.0
1;68000;COCONUT_COUPON;615;40;;;;;616;40;;;;;615.5;0.0
1;68000;COCONUT;9950;136;9949;74;;;9952;210;;;;;9951.0;0.0
1;68100;COCONUT_COUPON;616;41;;;;;617;41;;;;;616.5;0.0
1;68100;COCONUT;9951;111;9950;43;;;9952;111;9953;43;;;9951.5;0.0
1;68200;COCONUT_COUPON;615;47;;;;;616;47;;;;;615.5;0.0
1;68200;COCONUT;9950;138;9949;58;;;9951;138;9952;58;;;9950.5;0.0
1;68300;COCONUT;9950;111;9949;75;;;9952;186;;;;;9951.0;0.0
1;68300;COCONUT_COUPON;615;42;;;;;616;42;;;;;615.5;0.0
1;68400;COCONUT_COUPON;614;29;;;;;615;29;;;;;614.5;0.0
1;68400;COCONUT;9951;136;9950;50;;;9952;136;9953;50;;;9951.5;0.0
1;68500;COCONUT_COUPON;617;37;;;;;618;37;;;;;617.5;0.0
1;68500;COCONUT;9954;124;9953;76;;;9955;124;9956;76;;;9954.5;0.0
1;68600;COCONUT_COUPON;617;38;;;;;618;38;;;;;617.5;0.0
1;68600;COCONUT;9954;116;9953;65;;;9956;181;;;;;9955.0;0.0
1;68700;COCONUT;9954;9;9953;219;;;9955;140;9956;79;;;9954.5;0.0
1;68700;COCONUT_COUPON;618;43;;;;;619;43;;;;;618.5;0.0
1;68800;COCONUT_COUPON;619;34;;;;;620;34;;;;;619.5;0.0
1;68800;COCONUT;9954;103;9953;48;;;9956;151;;;;;9955.0;0.0
1;68900;COCONUT_COUPON;620;37;;;;;621;37;;;;;620.5;0.0
1;68900;COCONUT;9955;164;;;;;9957;117;9958;47;;;9956.0;0.0
1;69000;COCONUT_COUPON;621;34;;;;;622;34;;;;;621.5;0.0
1;69000;COCONUT;9955;113;9954;55;;;9956;113;9957;55;;;9955.5;0.0
1;69100;COCONUT;9954;110;9953;59;;;9955;120;9956;59;;;9954.5;0.0
1;69100;COCONUT_COUPON;620;40;;;;;621;40;;;;;620.5;0.0
1;69200;COCONUT_COUPON;620;51;;;;;621;43;;;;;620.5;0.0
1;69200;COCONUT;9955;129;9954;76;;;9956;129;9957;76;;;9955.5;0.0
1;69300;COCONUT_COUPON;619;32;;;;;620;32;;;;;619.5;0.0
1;69300;COCONUT;9953;167;;;;;9955;111;9956;56;;;9954.0;0.0
1;69400;COCONUT_COUPON;619;37;;;;;620;37;;;;;619.5;0.0
1;69400;COCONUT;9952;197;;;;;9954;132;9955;65;;;9953.0;0.0
1;69500;COCONUT;9953;111;9952;78;;;9954;111;9955;78;;;9953.5;0.0
1;69500;COCONUT_COUPON;620;48;;;;;621;48;;;;;620.5;0.0
1;69600;COCONUT_COUPON;620;41;;;;;621;41;;;;;620.5;0.0
1;69600;COCONUT;9954;208;;;;;9956;150;9957;58;;;9955.0;0.0
1;69700;COCONUT_COUPON;619;46;;;;;620;46;;;;;619.5;0.0
1;69700;COCONUT;9954;129;9953;47;;;9955;129;9956;47;;;9954.5;0.0
1;69800;COCONUT_COUPON;618;31;;;;;619;31;;;;;618.5;0.0
1;69800;COCONUT;9954;138;9953;76;;;9955;131;9956;76;;;9954.5;0.0
1;69900;COCONUT_COUPON;617;43;;;;;618;43;;;;;617.5;0.0
1;69900;COCONUT;9953;97;9952;71;;;9955;176;;;;;9954.0;0.0
1;70000;COCONUT;9953;119;9952;77;;;9954;119;9955;77;;;9953.5;0.0
1;70000;COCONUT_COUPON;615;46;;;;;616;46;;;;;615.5;0.0
1;70100;COCONUT_COUPON;615;35;;;;;616;35;;;;;615.5;0.0
1;70100;COCONUT;9953;114;9952;47;;;9955;161;;;;;9954.0;0.0
1;70200;COCONUT_COUPON;615;17;614;25;;;616;42;;;;;615.5;0.0
1;70200;COCONUT;9952;102;9951;56;;;9953;102;9954;56;;;9952.5;0.0
1;70300;COCONUT_COUPON;614;43;;;;;615;43;;;;;614.5;0.0
1;70300;COCONUT;9951;128;9950;54;;;9952;119;9953;54;;;9951.5;0.0
1;70400;COCONUT;9951;205;;;;;9953;150;9954;55;;;9952.0;0.0
1;70400;COCONUT_COUPON;614;33;;;;;615;41;;;;;614.5;0.0
1;70500;COCONUT;9951;164;;;;;9953;123;9954;41;;;9952.0;0.0
1;70500;COCONUT_COUPON;613;41;;;;;614;41;;;;;613.5;0.0
1;70600;COCONUT;9953;122;9952;61;;;9954;122;9955;61;;;9953.5;0.0
1;70600;COCONUT_COUPON;613;35;;;;;614;35;;;;;613.5;0.0
1;70700;COCONUT_COUPON;612;28;;;;;613;28;;;;;612.5;0.0
1;70700;COCONUT;9954;8;9953;185;;;9955;129;9956;56;;;9954.5;0.0
1;70800;COCONUT;9954;145;9953;61;;;9955;145;9956;61;;;9954.5;0.0
1;70800;COCONUT_COUPON;613;33;;;;;614;33;;;;;613.5;0.0
1;70900;COCONUT;9953;222;;;;;9955;145;9956;77;;;9954.0;0.0
1;70900;COCONUT_COUPON;613;39;;;;;615;39;;;;;614.0;0.0
1;71000;COCONUT;9953;138;9952;64;;;9955;202;;;;;9954.0;0.0
1;71000;COCONUT_COUPON;614;40;;;;;615;40;;;;;614.5;0.0
1;71100;COCONUT_COUPON;614;28;;;;;615;28;;;;;614.5;0.0
1;71100;COCONUT;9954;122;9953;47;;;9955;122;9956;47;;;9954.5;0.0
1;71200;COCONUT;9954;124;9953;71;;;9956;195;;;;;9955.0;0.0
1;71200;COCONUT_COUPON;614;39;;;;;615;39;;;;;614.5;0.0
1;71300;COCONUT;9954;132;9953;59;;;9955;132;9956;59;;;9954.5;0.0
1;71300;COCONUT_COUPON;614;49;;;;;615;49;;;;;614.5;0.0
1;71400;COCONUT;9955;130;9954;43;;;9956;136;9957;43;;;9955.5;0.0
1;71400;COCONUT_COUPON;614;33;;;;;615;33;;;;;614.5;0.0
1;71500;COCONUT_COUPON;615;30;;;;;616;37;;;;;615.5;0.0
1;71500;COCONUT;9955;140;9954;66;;;9956;140;9957;66;;;9955.5;0.0
1;71600;COCONUT;9955;175;;;;;9957;133;9958;42;;;9956.0;0.0
1;71600;COCONUT_COUPON;615;42;;;;;616;42;;;;;615.5;0.0
1;71700;COCONUT;9955;104;9954;74;;;9956;104;9957;74;;;9955.5;0.0
1;71700;COCONUT_COUPON;614;35;;;;;616;35;;;;;615.0;0.0
1;71800;COCONUT;9956;139;9955;56;;;9958;203;;;;;9957.0;0.0
1;71800;COCONUT_COUPON;615;31;;;;;616;31;;;;;615.5;0.0
1;71900;COCONUT_COUPON;616;36;;;;;617;36;;;;;616.5;0.0
1;71900;COCONUT;9956;132;9955;61;;;9957;132;9958;61;;;9956.5;0.0
1;72000;COCONUT;9956;107;9955;43;;;9957;107;9958;43;;;9956.5;0.0
1;72000;COCONUT_COUPON;613;27;;;;;614;44;;;;;613.5;0.0
1;72100;COCONUT;9956;146;9955;61;;;9957;146;9958;61;;;9956.5;0.0
1;72100;COCONUT_COUPON;613;38;;;;;614;38;;;;;613.5;0.0
1;72200;COCONUT;9953;182;;;;;9955;128;9956;54;;;9954.0;0.0
1;72200;COCONUT_COUPON;611;39;;;;;612;39;;;;;611.5;0.0
1;72300;COCONUT_COUPON;611;38;;;;;612;38;;;;;611.5;0.0
1;72300;COCONUT;9954;128;9953;75;;;9955;128;9956;75;;;9954.5;0.0
1;72400;COCONUT;9953;112;9952;51;;;9954;112;9955;51;;;9953.5;0.0
1;72400;COCONUT_COUPON;610;17;609;36;;;611;36;;;;;610.5;0.0
1;72500;COCONUT;9954;123;9953;63;;;9955;123;9956;63;;;9954.5;0.0
1;72500;COCONUT_COUPON;611;41;;;;;612;41;;;;;611.5;0.0
1;72600;COCONUT;9954;107;9953;77;;;9956;184;;;;;9955.0;0.0
1;72600;COCONUT_COUPON;610;41;;;;;612;41;;;;;611.0;0.0
1;72700;COCONUT_COUPON;611;36;;;;;612;36;;;;;611.5;0.0
1;72700;COCONUT;9955;127;9954;73;;;9957;200;;;;;9956.0;0.0
1;72800;COCONUT;9956;137;9955;52;;;9957;137;9958;52;;;9956.5;0.0
1;72800;COCONUT_COUPON;611;39;;;;;613;39;;;;;612.0;0.0
1;72900;COCONUT;9956;121;9955;63;;;9958;184;;;;;9957.0;0.0
1;72900;COCONUT_COUPON;611;38;;;;;612;38;;;;;611.5;0.0
1;73000;COCONUT;9955;173;;;;;9957;100;9958;73;;;9956.0;0.0
1;73000;COCONUT_COUPON;609;41;;;;;610;41;;;;;609.5;0.0
1;73100;COCONUT_COUPON;611;37;;;;;612;37;;;;;611.5;0.0
1;73100;COCONUT;9955;94;9954;76;;;9957;179;;;;;9956.0;0.0
1;73200;COCONUT;9955;129;9954;72;;;9956;129;9957;72;;;9955.5;0.0
1;73200;COCONUT_COUPON;611;35;;;;;612;35;;;;;611.5;0.0
1;73300;COCONUT;9955;139;9954;61;;;9957;200;;;;;9956.0;0.0
1;73300;COCONUT_COUPON;611;25;;;;;612;35;;;;;611.5;0.0
1;73400;COCONUT;9955;127;9954;49;;;9956;127;9957;49;;;9955.5;0.0
1;73400;COCONUT_COUPON;610;45;;;;;611;45;;;;;610.5;0.0
1;73500;COCONUT_COUPON;610;42;;;;;611;42;;;;;610.5;0.0
1;73500;COCONUT;9956;101;9955;72;;;9958;173;;;;;9957.0;0.0
1;73600;COCONUT;9956;189;;;;;9958;149;9959;40;;;9957.0;0.0
1;73600;COCONUT_COUPON;610;37;;;;;611;37;;;;;610.5;0.0
1;73700;COCONUT;9956;175;;;;;9958;112;9959;63;;;9957.0;0.0
1;73700;COCONUT_COUPON;611;39;;;;;613;39;;;;;612.0;0.0
1;73800;COCONUT;9958;112;9957;62;;;9959;112;9960;62;;;9958.5;0.0
1;73800;COCONUT_COUPON;611;30;;;;;612;30;;;;;611.5;0.0
1;73900;COCONUT_COUPON;613;42;;;;;614;42;;;;;613.5;0.0
1;73900;COCONUT;9959;147;9958;66;;;9960;147;9961;66;;;9959.5;0.0
1;74000;COCONUT;9959;115;9958;42;;;9960;115;9961;42;;;9959.5;0.0
1;74000;COCONUT_COUPON;612;37;;;;;613;37;;;;;612.5;0.0
1;74100;COCONUT;9958;189;;;;;9960;106;9961;80;;;9959.0;0.0
1;74100;COCONUT_COUPON;610;35;;;;;611;35;;;;;610.5;0.0
1;74200;COCONUT_COUPON;610;27;;;;;611;27;;;;;610.5;0.0
1;74200;COCONUT;9958;172;;;;;9960;120;9961;52;;;9959.0;0.0
1;74300;COCONUT_COUPON;612;38;;;;;613;38;;;;;612.5;0.0
1;74300;COCONUT;9959;133;9958;55;;;9961;188;;;;;9960.0;0.0
1;74400;COCONUT_COUPON;613;37;;;;;614;37;;;;;613.5;0.0
1;74400;COCONUT;9960;145;9959;80;;;9961;145;9962;80;;;9960.5;0.0
1;74500;COCONUT;9961;158;9960;55;;;9962;150;9963;55;;;9961.5;0.0
1;74500;COCONUT_COUPON;615;29;;;;;616;29;;;;;615.5;0.0
1;74600;COCONUT_COUPON;614;31;;;;;615;31;;;;;614.5;0.0
1;74600;COCONUT;9962;180;;;;;9964;106;9965;74;;;9963.0;0.0
1;74700;COCONUT_COUPON;615;41;;;;;616;41;;;;;615.5;0.0
1;74700;COCONUT;9964;110;9963;71;;;9965;110;9966;71;;;9964.5;0.0
1;74800;COCONUT_COUPON;613;30;;;;;614;44;;;;;613.5;0.0
1;74800;COCONUT;9961;178;;;;;9962;8;9963;129;9964;49;9961.5;0.0
1;74900;COCONUT;9963;150;9962;75;;;9964;150;9965;75;;;9963.5;0.0
1;74900;COCONUT_COUPON;613;58;;;;;614;45;;;;;613.5;0.0
1;75000;COCONUT_COUPON;613;51;;;;;614;51;;;;;613.5;0.0
1;75000;COCONUT;9963;110;9962;79;;;9964;117;9965;79;;;9963.5;0.0
1;75100;COCONUT_COUPON;613;41;;;;;615;41;;;;;614.0;0.0
1;75100;COCONUT;9963;137;9962;66;;;9965;203;;;;;9964.0;0.0
1;75200;COCONUT_COUPON;612;37;;;;;614;37;;;;;613.0;0.0
1;75200;COCONUT;9962;143;9961;44;;;9964;187;;;;;9963.0;0.0
1;75300;COCONUT;9964;122;9963;51;;;9965;122;9966;51;;;9964.5;0.0
1;75300;COCONUT_COUPON;613;32;;;;;614;32;;;;;613.5;0.0
1;75400;COCONUT_COUPON;611;42;;;;;612;42;;;;;611.5;0.0
1;75400;COCONUT;9961;118;9960;44;;;9963;162;;;;;9962.0;0.0
1;75500;COCONUT_COUPON;610;50;;;;;611;32;;;;;610.5;0.0
1;75500;COCONUT;9960;164;;;;;9962;111;9963;53;;;9961.0;0.0
1;75600;COCONUT_COUPON;609;25;;;;;610;34;;;;;609.5;0.0
1;75600;COCONUT;9960;104;9959;69;;;9962;173;;;;;9961.0;0.0
1;75700;COCONUT;9960;101;9959;55;;;9962;156;;;;;9961.0;0.0
1;75700;COCONUT_COUPON;607;44;;;;;608;44;;;;;607.5;0.0
1;75800;COCONUT_COUPON;606;40;;;;;607;40;;;;;606.5;0.0
1;75800;COCONUT;9958;113;9957;52;;;9960;165;;;;;9959.0;0.0
1;75900;COCONUT_COUPON;606;33;;;;;607;33;;;;;606.5;0.0
1;75900;COCONUT;9958;168;;;;;9959;9;9960;108;9961;60;9958.5;0.0
1;76000;COCONUT_COUPON;606;31;;;;;607;31;;;;;606.5;0.0
1;76000;COCONUT;9959;133;9958;73;;;9960;133;9961;73;;;9959.5;0.0
1;76100;COCONUT;9959;166;;;;;9961;106;9962;60;;;9960.0;0.0
1;76100;COCONUT_COUPON;607;29;;;;;608;29;;;;;607.5;0.0
1;76200;COCONUT_COUPON;606;29;;;;;607;29;;;;;606.5;0.0
1;76200;COCONUT;9956;175;;;;;9958;118;9959;57;;;9957.0;0.0
1;76300;COCONUT_COUPON;606;41;;;;;607;41;;;;;606.5;0.0
1;76300;COCONUT;9956;108;9955;45;;;9957;108;9958;45;;;9956.5;0.0
1;76400;COCONUT_COUPON;606;50;;;;;607;50;;;;;606.5;0.0
1;76400;COCONUT;9956;140;9955;70;;;9958;210;;;;;9957.0;0.0
1;76500;COCONUT;9957;140;9956;74;;;9958;140;9959;74;;;9957.5;0.0
1;76500;COCONUT_COUPON;607;44;;;;;608;44;;;;;607.5;0.0
1;76600;COCONUT_COUPON;608;46;;;;;609;38;;;;;608.5;0.0
1;76600;COCONUT;9957;133;9956;57;;;9959;190;;;;;9958.0;0.0
1;76700;COCONUT_COUPON;609;44;;;;;610;44;;;;;609.5;0.0
1;76700;COCONUT;9959;129;9958;73;;;9960;129;9961;73;;;9959.5;0.0
1;76800;COCONUT_COUPON;608;38;;;;;609;38;;;;;608.5;0.0
1;76800;COCONUT;9959;131;9958;47;;;9960;131;9961;47;;;9959.5;0.0
1;76900;COCONUT;9957;183;;;;;9959;136;9960;47;;;9958.0;0.0
1;76900;COCONUT_COUPON;606;49;;;;;607;49;;;;;606.5;0.0
1;77000;COCONUT_COUPON;605;46;;;;;606;46;;;;;605.5;0.0
1;77000;COCONUT;9958;101;9957;43;;;9959;101;9960;43;;;9958.5;0.0
1;77100;COCONUT_COUPON;605;46;;;;;606;30;;;;;605.5;0.0
1;77100;COCONUT;9957;152;;;;;9959;110;9960;42;;;9958.0;0.0
1;77200;COCONUT_COUPON;607;42;;;;;608;42;;;;;607.5;0.0
1;77200;COCONUT;9958;127;9957;61;;;9959;135;9960;61;;;9958.5;0.0
1;77300;COCONUT;9957;128;9956;59;;;9958;128;9959;59;;;9957.5;0.0
1;77300;COCONUT_COUPON;605;36;;;;;606;36;;;;;605.5;0.0
1;77400;COCONUT_COUPON;604;32;;;;;605;32;;;;;604.5;0.0
1;77400;COCONUT;9956;122;9955;61;;;9958;183;;;;;9957.0;0.0
1;77500;COCONUT_COUPON;604;47;;;;;605;47;;;;;604.5;0.0
1;77500;COCONUT;9955;127;9954;59;;;9957;186;;;;;9956.0;0.0
1;77600;COCONUT_COUPON;603;24;;;;;604;41;;;;;603.5;0.0
1;77600;COCONUT;9955;111;9954;64;;;9956;111;9957;64;;;9955.5;0.0
1;77700;COCONUT;9954;96;9953;43;;;9955;102;9956;43;;;9954.5;0.0
1;77700;COCONUT_COUPON;603;44;;;;;604;44;;;;;603.5;0.0
1;77800;COCONUT_COUPON;603;42;;;;;605;42;;;;;604.0;0.0
1;77800;COCONUT;9955;144;9954;62;;;9956;144;9957;62;;;9955.5;0.0
1;77900;COCONUT_COUPON;602;27;;;;;604;27;;;;;603.0;0.0
1;77900;COCONUT;9955;114;9954;47;;;9956;107;9957;47;;;9955.5;0.0
1;78000;COCONUT_COUPON;601;39;;;;;602;39;;;;;601.5;0.0
1;78000;COCONUT;9954;145;9953;42;;;9955;145;9956;42;;;9954.5;0.0
1;78100;COCONUT;9954;149;9953;78;;;9955;149;9956;78;;;9954.5;0.0
1;78100;COCONUT_COUPON;600;34;;;;;601;34;;;;;600.5;0.0
1;78200;COCONUT_COUPON;599;41;;;;;600;41;;;;;599.5;0.0
1;78200;COCONUT;9954;124;9953;73;;;9955;124;9956;73;;;9954.5;0.0
1;78300;COCONUT_COUPON;599;33;;;;;601;33;;;;;600.0;0.0
1;78300;COCONUT;9956;131;9955;46;;;9957;131;9958;46;;;9956.5;0.0
1;78400;COCONUT_COUPON;598;32;;;;;599;32;;;;;598.5;0.0
1;78400;COCONUT;9956;100;9955;68;;;9958;168;;;;;9957.0;0.0
1;78500;COCONUT;9956;127;9955;67;;;9957;127;9958;67;;;9956.5;0.0
1;78500;COCONUT_COUPON;598;24;;;;;599;37;;;;;598.5;0.0
1;78600;COCONUT_COUPON;597;37;;;;;598;37;;;;;597.5;0.0
1;78600;COCONUT;9954;126;9953;61;;;9956;187;;;;;9955.0;0.0
1;78700;COCONUT_COUPON;597;37;;;;;598;37;;;;;597.5;0.0
1;78700;COCONUT;9954;101;9953;62;;;9955;101;9956;62;;;9954.5;0.0
1;78800;COCONUT_COUPON;597;29;;;;;598;35;;;;;597.5;0.0
1;78800;COCONUT;9954;112;9953;59;;;9956;171;;;;;9955.0;0.0
1;78900;COCONUT_COUPON;596;46;;;;;597;46;;;;;596.5;0.0
1;78900;COCONUT;9955;107;9954;60;;;9956;107;9957;60;;;9955.5;0.0
1;79000;COCONUT;9954;138;9953;69;;;9955;138;9956;69;;;9954.5;0.0
1;79000;COCONUT_COUPON;596;32;;;;;598;32;;;;;597.0;0.0
1;79100;COCONUT;9954;146;9953;59;;;9955;146;9956;59;;;9954.5;0.0
1;79100;COCONUT_COUPON;597;41;;;;;598;41;;;;;597.5;0.0
1;79200;COCONUT;9953;147;9952;54;;;9955;201;;;;;9954.0;0.0
1;79200;COCONUT_COUPON;598;43;;;;;599;43;;;;;598.5;0.0
1;79300;COCONUT_COUPON;597;39;;;;;598;39;;;;;597.5;0.0
1;79300;COCONUT;9953;121;9952;73;;;9955;201;;;;;9954.0;0.0
1;79400;COCONUT;9953;156;;;;;9955;111;9956;45;;;9954.0;0.0
1;79400;COCONUT_COUPON;598;19;;;;;599;32;;;;;598.5;0.0
1;79500;COCONUT;9953;120;9952;61;;;9954;120;9955;61;;;9953.5;0.0
1;79500;COCONUT_COUPON;598;41;;;;;599;41;;;;;598.5;0.0
1;79600;COCONUT;9952;175;;;;;9954;131;9955;44;;;9953.0;0.0
1;79600;COCONUT_COUPON;598;41;;;;;599;41;;;;;598.5;0.0
1;79700;COCONUT_COUPON;599;43;;;;;600;43;;;;;599.5;0.0
1;79700;COCONUT;9951;146;;;;;9953;103;9954;43;;;9952.0;0.0
1;79800;COCONUT;9950;187;;;;;9952;133;9953;54;;;9951.0;0.0
1;79800;COCONUT_COUPON;599;44;;;;;600;44;;;;;599.5;0.0
1;79900;COCONUT;9951;150;;;;;9953;101;9954;49;;;9952.0;0.0
1;79900;COCONUT_COUPON;602;39;;;;;603;39;;;;;602.5;0.0
1;80000;COCONUT;9954;131;9953;52;;;9955;131;9956;52;;;9954.5;0.0
1;80000;COCONUT_COUPON;603;39;;;;;604;39;;;;;603.5;0.0
1;80100;COCONUT_COUPON;606;44;;;;;607;44;;;;;606.5;0.0
1;80100;COCONUT;9955;148;9954;44;;;9957;192;;;;;9956.0;0.0
1;80200;COCONUT;9954;131;9953;43;;;9955;131;9956;43;;;9954.5;0.0
1;80200;COCONUT_COUPON;605;41;;;;;606;41;;;;;605.5;0.0
1;80300;COCONUT;9955;114;9954;80;;;9957;194;;;;;9956.0;0.0
1;80300;COCONUT_COUPON;606;43;;;;;607;43;;;;;606.5;0.0
1;80400;COCONUT;9955;120;9954;78;;;9957;198;;;;;9956.0;0.0
1;80400;COCONUT_COUPON;607;40;;;;;608;40;;;;;607.5;0.0
1;80500;COCONUT_COUPON;606;37;;;;;607;37;;;;;606.5;0.0
1;80500;COCONUT;9955;113;9954;59;;;9957;172;;;;;9956.0;0.0
1;80600;COCONUT;9956;127;9955;62;;;9957;127;9958;62;;;9956.5;0.0
1;80600;COCONUT_COUPON;605;54;;;;;606;41;;;;;605.5;0.0
1;80700;COCONUT;9956;204;;;;;9957;6;9958;149;9959;55;9956.5;0.0
1;80700;COCONUT_COUPON;605;47;;;;;606;47;;;;;605.5;0.0
1;80800;COCONUT;9956;193;;;;;9958;118;9959;75;;;9957.0;0.0
1;80800;COCONUT_COUPON;605;33;;;;;606;33;;;;;605.5;0.0
1;80900;COCONUT_COUPON;607;34;;;;;608;34;;;;;607.5;0.0
1;80900;COCONUT;9957;157;;;;;9959;109;9960;48;;;9958.0;0.0
1;81000;COCONUT;9957;130;9956;70;;;9959;200;;;;;9958.0;0.0
1;81000;COCONUT_COUPON;608;44;;;;;609;44;;;;;608.5;0.0
1;81100;COCONUT;9958;102;9957;47;;;9960;149;;;;;9959.0;0.0
1;81100;COCONUT_COUPON;606;35;;;;;608;35;;;;;607.0;0.0
1;81200;COCONUT;9959;159;;;;;9961;105;9962;54;;;9960.0;0.0
1;81200;COCONUT_COUPON;606;43;;;;;607;43;;;;;606.5;0.0
1;81300;COCONUT_COUPON;604;39;;;;;606;39;;;;;605.0;0.0
1;81300;COCONUT;9957;133;9956;64;;;9958;133;9959;64;;;9957.5;0.0
1;81400;COCONUT;9957;140;9956;52;;;9959;192;;;;;9958.0;0.0
1;81400;COCONUT_COUPON;607;1;606;28;;;608;29;;;;;607.5;0.0
1;81500;COCONUT;9958;181;;;;;9960;103;9961;78;;;9959.0;0.0
1;81500;COCONUT_COUPON;608;35;;;;;609;35;;;;;608.5;0.0
1;81600;COCONUT;9958;181;;;;;9960;133;9961;48;;;9959.0;0.0
1;81600;COCONUT_COUPON;607;38;;;;;608;38;;;;;607.5;0.0
1;81700;COCONUT_COUPON;606;46;;;;;608;46;;;;;607.0;0.0
1;81700;COCONUT;9958;147;9957;40;;;9960;187;;;;;9959.0;0.0
1;81800;COCONUT;9958;133;9957;66;;;9959;123;9960;66;;;9958.5;0.0
1;81800;COCONUT_COUPON;607;40;;;;;608;40;;;;;607.5;0.0
1;81900;COCONUT;9958;136;9957;76;;;9959;136;9960;76;;;9958.5;0.0
1;81900;COCONUT_COUPON;607;36;;;;;608;36;;;;;607.5;0.0
1;82000;COCONUT;9959;146;9958;73;;;9960;146;9961;73;;;9959.5;0.0
1;82000;COCONUT_COUPON;607;35;;;;;608;35;;;;;607.5;0.0
1;82100;COCONUT_COUPON;606;42;;;;;607;42;;;;;606.5;0.0
1;82100;COCONUT;9957;205;;;;;9959;134;9960;71;;;9958.0;0.0
1;82200;COCONUT;9958;203;;;;;9960;130;9961;73;;;9959.0;0.0
1;82200;COCONUT_COUPON;605;36;;;;;607;36;;;;;606.0;0.0
1;82300;COCONUT;9958;197;;;;;9960;146;9961;51;;;9959.0;0.0
1;82300;COCONUT_COUPON;605;44;;;;;606;44;;;;;605.5;0.0
1;82400;COCONUT;9960;142;9959;75;;;9961;142;9962;75;;;9960.5;0.0
1;82400;COCONUT_COUPON;605;42;;;;;607;42;;;;;606.0;0.0
1;82500;COCONUT_COUPON;604;35;;;;;605;35;;;;;604.5;0.0
1;82500;COCONUT;9959;217;;;;;9961;147;9962;70;;;9960.0;0.0
1;82600;COCONUT;9961;143;9960;64;;;9963;202;;;;;9962.0;0.0
1;82600;COCONUT_COUPON;603;38;;;;;604;38;;;;;603.5;0.0
1;82700;COCONUT;9962;123;9961;54;;;9963;123;9964;54;;;9962.5;0.0
1;82700;COCONUT_COUPON;605;42;;;;;606;42;;;;;605.5;0.0
1;82800;COCONUT;9962;109;9961;52;;;9963;109;9964;52;;;9962.5;0.0
1;82800;COCONUT_COUPON;606;36;;;;;607;36;;;;;606.5;0.0
1;82900;COCONUT_COUPON;607;46;;;;;608;46;;;;;607.5;0.0
1;82900;COCONUT;9961;105;9960;50;;;9963;160;;;;;9962.0;0.0
1;83000;COCONUT;9960;110;9959;76;;;9961;102;9962;76;;;9960.5;0.0
1;83000;COCONUT_COUPON;607;46;;;;;608;46;;;;;607.5;0.0
1;83100;COCONUT;9958;121;9957;59;;;9960;180;;;;;9959.0;0.0
1;83100;COCONUT_COUPON;607;48;;;;;608;48;;;;;607.5;0.0
1;83200;COCONUT_COUPON;605;17;;;;;606;34;;;;;605.5;0.0
1;83200;COCONUT;9956;213;;;;;9958;145;9959;68;;;9957.0;0.0
1;83300;COCONUT_COUPON;607;8;606;25;;;608;45;;;;;607.5;0.0
1;83300;COCONUT;9958;110;9957;75;;;9960;185;;;;;9959.0;0.0
1;83400;COCONUT_COUPON;609;18;608;30;;;610;43;;;;;609.5;0.0
1;83400;COCONUT;9960;206;;;;;9962;128;9963;78;;;9961.0;0.0
1;83500;COCONUT;9962;182;;;;;9964;103;9965;79;;;9963.0;0.0
1;83500;COCONUT_COUPON;610;28;;;;;611;28;;;;;610.5;0.0
1;83600;COCONUT_COUPON;609;44;;;;;610;44;;;;;609.5;0.0
1;83600;COCONUT;9961;190;;;;;9963;128;9964;62;;;9962.0;0.0
1;83700;COCONUT_COUPON;609;45;;;;;611;34;;;;;610.0;0.0
1;83700;COCONUT;9962;117;9961;49;;;9963;117;9964;49;;;9962.5;0.0
1;83800;COCONUT_COUPON;608;28;;;;;609;28;;;;;608.5;0.0
1;83800;COCONUT;9961;110;9960;46;;;9962;110;9963;46;;;9961.5;0.0
1;83900;COCONUT;9959;128;9958;45;;;9960;128;9961;45;;;9959.5;0.0
1;83900;COCONUT_COUPON;608;10;607;31;;;609;31;;;;;608.5;0.0
1;84000;COCONUT_COUPON;608;52;;;;;609;34;;;;;608.5;0.0
1;84000;COCONUT;9957;194;;;;;9959;143;9960;51;;;9958.0;0.0
1;84100;COCONUT_COUPON;606;43;;;;;607;43;;;;;606.5;0.0
1;84100;COCONUT;9955;146;9954;47;;;9957;193;;;;;9956.0;0.0
1;84200;COCONUT_COUPON;607;37;;;;;608;37;;;;;607.5;0.0
1;84200;COCONUT;9956;146;9955;80;;;9958;226;;;;;9957.0;0.0
1;84300;COCONUT;9956;104;9955;44;;;9957;104;9958;44;;;9956.5;0.0
1;84300;COCONUT_COUPON;608;51;;;;;609;37;;;;;608.5;0.0
1;84400;COCONUT_COUPON;607;38;;;;;608;38;;;;;607.5;0.0
1;84400;COCONUT;9956;116;9955;53;;;9957;116;9958;53;;;9956.5;0.0
1;84500;COCONUT_COUPON;608;48;;;;;609;48;;;;;608.5;0.0
1;84500;COCONUT;9955;180;;;;;9957;129;9958;51;;;9956.0;0.0
1;84600;COCONUT_COUPON;608;37;;;;;609;37;;;;;608.5;0.0
1;84600;COCONUT;9956;127;9955;55;;;9957;127;9958;55;;;9956.5;0.0
1;84700;COCONUT;9955;183;;;;;9957;142;9958;41;;;9956.0;0.0
1;84700;COCONUT_COUPON;608;42;;;;;609;30;;;;;608.5;0.0
1;84800;COCONUT_COUPON;606;36;;;;;608;36;;;;;607.0;0.0
1;84800;COCONUT;9955;133;9954;80;;;9957;213;;;;;9956.0;0.0
