day;timestamp;product;bid_price_1;bid_volume_1;bid_price_2;bid_volume_2;bid_price_3;bid_volume_3;ask_price_1;ask_volume_1;ask_price_2;ask_volume_2;ask_price_3;ask_volume_3;mid_price;profit_and_loss
3;0;COCONUT;9990;148;9989;61;;;9992;209;;;;;9991.0;0.0
3;0;COCONUT_COUPON;619;46;;;;;621;46;;;;;620.0;0.0
3;100;COCONUT;9989;171;;;;;9991;114;9992;57;;;9990.0;0.0
3;100;COCONUT_COUPON;620;32;;;;;621;32;;;;;620.5;0.0
3;200;COCONUT;9990;135;9989;57;;;9991;135;9992;57;;;9990.5;0.0
3;200;COCONUT_COUPON;620;39;;;;;621;39;;;;;620.5;0.0
3;300;COCONUT_COUPON;621;42;;;;;622;42;;;;;621.5;0.0
3;300;COCONUT;9991;138;9990;43;;;9992;138;9993;43;;;9991.5;0.0
3;400;COCONUT;9989;128;9988;44;;;9991;172;;;;;9990.0;0.0
3;400;COCONUT_COUPON;621;40;;;;;622;40;;;;;621.5;0.0
3;500;COCONUT;9988;143;9987;63;;;9989;143;9990;63;;;9988.5;0.0
3;500;COCONUT_COUPON;620;43;;;;;621;43;;;;;620.5;0.0
3;600;COCONUT;9986;133;9985;59;;;9987;133;9988;59;;;9986.5;0.0
3;600;COCONUT_COUPON;618;41;;;;;620;41;;;;;619.0;0.0
3;700;COCONUT_COUPON;618;48;;;;;619;48;;;;;618.5;0.0
3;700;COCONUT;9986;128;9985;66;;;9987;128;9988;66;;;9986.5;0.0
3;800;COCONUT;9986;5;9985;176;;;9987;129;9988;47;;;9986.5;0.0
3;800;COCONUT_COUPON;618;31;;;;;619;31;;;;;618.5;0.0
3;900;COCONUT;9985;125;9984;54;;;9986;125;9987;54;;;9985.5;0.0
3;900;COCONUT_COUPON;618;37;;;;;619;37;;;;;618.5;0.0
3;1000;COCONUT;9985;194;;;;;9987;126;9988;68;;;9986.0;0.0
3;1000;COCONUT_COUPON;618;34;;;;;619;34;;;;;618.5;0.0
3;1100;COCONUT_COUPON;617;37;;;;;618;37;;;;;617.5;0.0
3;1100;COCONUT;9986;144;9985;65;;;9987;144;9988;65;;;9986.5;0.0
3;1200;COCONUT;9986;123;9985;68;;;9988;191;;;;;9987.0;0.0
3;1200;COCONUT_COUPON;617;32;;;;;618;47;;;;;617.5;0.0
3;1300;COCONUT;9984;125;9983;77;;;9985;125;9986;77;;;9984.5;0.0
3;1300;COCONUT_COUPON;615;36;;;;;616;36;;;;;615.5;0.0
3;1400;COCONUT;9983;140;9982;55;;;9984;140;9985;55;;;9983.5;0.0
3;1400;COCONUT_COUPON;614;45;;;;;615;45;;;;;614.5;0.0
3;1500;COCONUT_COUPON;613;39;;;;;614;39;;;;;613.5;0.0
3;1500;COCONUT;9982;208;;;;;9984;134;9985;74;;;9983.0;0.0
3;1600;COCONUT;9983;131;9982;44;;;9984;131;9985;44;;;9983.5;0.0
3;1600;COCONUT_COUPON;613;37;;;;;615;37;;;;;614.0;0.0
3;1700;COCONUT;9983;209;;;;;9985;133;9986;78;;;9984.0;0.0
3;1700;COCONUT_COUPON;615;36;;;;;616;36;;;;;615.5;0.0
3;1800;COCONUT;9982;197;;;;;9984;120;9985;77;;;9983.0;0.0
3;1800;COCONUT_COUPON;615;50;;;;;616;36;;;;;615.5;0.0
3;1900;COCONUT_COUPON;616;51;;;;;617;38;;;;;616.5;0.0
3;1900;COCONUT;9982;110;9981;59;;;9983;119;9984;59;;;9982.5;0.0
3;2000;COCONUT;9982;121;9981;60;;;9984;181;;;;;9983.0;0.0
3;2000;COCONUT_COUPON;614;38;;;;;615;38;;;;;614.5;0.0
3;2100;COCONUT;9983;143;9982;40;;;9985;183;;;;;9984.0;0.0
3;2100;COCONUT_COUPON;615;42;;;;;616;42;;;;;615.5;0.0
3;2200;COCONUT;9984;176;;;;;9986;110;9987;66;;;9985.0;0.0
3;2200;COCONUT_COUPON;617;38;;;;;618;38;;;;;617.5;0.0
3;2300;COCONUT_COUPON;618;47;;;;;619;47;;;;;618.5;0.0
3;2300;COCONUT;9984;170;;;;;9986;102;9987;68;;;9985.0;0.0
3;2400;COCONUT;9985;124;9984;63;;;9986;124;9987;63;;;9985.5;0.0
3;2400;COCONUT_COUPON;619;39;;;;;620;39;;;;;619.5;0.0
3;2500;COCONUT;9983;101;9982;43;;;9985;144;;;;;9984.0;0.0
3;2500;COCONUT_COUPON;618;38;;;;;619;38;;;;;618.5;0.0
3;2600;COCONUT;9985;98;9984;52;;;9986;103;9987;52;;;9985.5;0.0
3;2600;COCONUT_COUPON;619;43;;;;;620;43;;;;;619.5;0.0
3;2700;COCONUT_COUPON;615;48;;;;;616;48;;;;;615.5;0.0
3;2700;COCONUT;9984;149;9983;73;;;9986;222;;;;;9985.0;0.0
3;2800;COCONUT;9986;137;9985;73;;;9988;210;;;;;9987.0;0.0
3;2800;COCONUT_COUPON;618;46;;;;;619;46;;;;;618.5;0.0
3;2900;COCONUT;9987;130;9986;42;;;9988;130;9989;42;;;9987.5;0.0
3;2900;COCONUT_COUPON;619;37;;;;;620;37;;;;;619.5;0.0
3;3000;COCONUT;9987;100;9986;64;;;9988;100;9989;64;;;9987.5;0.0
3;3000;COCONUT_COUPON;619;35;;;;;620;35;;;;;619.5;0.0
3;3100;COCONUT_COUPON;619;38;;;;;620;38;;;;;619.5;0.0
3;3100;COCONUT;9986;210;;;;;9988;142;9989;68;;;9987.0;0.0
3;3200;COCONUT;9987;105;9986;50;;;9988;105;9989;50;;;9987.5;0.0
3;3200;COCONUT_COUPON;618;37;;;;;619;37;;;;;618.5;0.0
3;3300;COCONUT;9987;108;9986;75;;;9988;108;9989;75;;;9987.5;0.0
3;3300;COCONUT_COUPON;617;28;;;;;618;11;619;17;;;617.5;0.0
3;3400;COCONUT;9987;108;9986;54;;;9988;108;9989;54;;;9987.5;0.0
3;3400;COCONUT_COUPON;618;46;;;;;619;46;;;;;618.5;0.0
3;3500;COCONUT_COUPON;617;33;;;;;618;33;;;;;617.5;0.0
3;3500;COCONUT;9985;193;;;;;9987;129;9988;64;;;9986.0;0.0
3;3600;COCONUT_COUPON;618;25;;;;;619;25;;;;;618.5;0.0
3;3600;COCONUT;9986;124;9985;44;;;9987;124;9988;44;;;9986.5;0.0
3;3700;COCONUT;9985;175;;;;;9987;110;9988;65;;;9986.0;0.0
3;3700;COCONUT_COUPON;617;12;616;29;;;618;41;;;;;617.5;0.0
3;3800;COCONUT_COUPON;615;54;;;;;616;43;;;;;615.5;0.0
3;3800;COCONUT;9984;189;;;;;9986;147;9987;42;;;9985.0;0.0
3;3900;COCONUT_COUPON;613;34;;;;;614;34;;;;;613.5;0.0
3;3900;COCONUT;9984;138;9983;59;;;9985;138;9986;59;;;9984.5;0.0
3;4000;COCONUT_COUPON;612;31;;;;;613;31;;;;;612.5;0.0
3;4000;COCONUT;9983;122;9982;46;;;9984;122;9985;46;;;9983.5;0.0
3;4100;COCONUT;9983;182;;;;;9985;134;9986;48;;;9984.0;0.0
3;4100;COCONUT_COUPON;612;21;;;;;613;27;;;;;612.5;0.0
3;4200;COCONUT_COUPON;611;12;610;34;;;612;34;;;;;611.5;0.0
3;4200;COCONUT;9983;129;9982;59;;;9984;129;9985;59;;;9983.5;0.0
3;4300;COCONUT_COUPON;609;36;;;;;610;36;;;;;609.5;0.0
3;4300;COCONUT;9983;132;9982;56;;;9985;188;;;;;9984.0;0.0
3;4400;COCONUT_COUPON;610;50;;;;;611;2;612;48;;;610.5;0.0
3;4400;COCONUT;9983;190;;;;;9985;149;9986;41;;;9984.0;0.0
3;4500;COCONUT;9982;207;;;;;9984;139;9985;68;;;9983.0;0.0
3;4500;COCONUT_COUPON;612;40;;;;;613;40;;;;;612.5;0.0
3;4600;COCONUT_COUPON;611;30;;;;;612;30;;;;;611.5;0.0
3;4600;COCONUT;9981;138;9980;75;;;9982;138;9983;75;;;9981.5;0.0
3;4700;COCONUT_COUPON;612;44;;;;;613;44;;;;;612.5;0.0
3;4700;COCONUT;9981;195;;;;;9983;141;9984;54;;;9982.0;0.0
3;4800;COCONUT_COUPON;610;46;;;;;611;46;;;;;610.5;0.0
3;4800;COCONUT;9979;111;9978;47;;;9980;111;9981;47;;;9979.5;0.0
3;4900;COCONUT;9978;216;;;;;9980;140;9981;76;;;9979.0;0.0
3;4900;COCONUT_COUPON;610;36;;;;;611;36;;;;;610.5;0.0
3;5000;COCONUT_COUPON;610;32;;;;;611;32;;;;;610.5;0.0
3;5000;COCONUT;9980;123;9979;63;;;9981;123;9982;63;;;9980.5;0.0
3;5100;COCONUT_COUPON;610;41;;;;;611;41;;;;;610.5;0.0
3;5100;COCONUT;9980;114;9979;63;;;9982;177;;;;;9981.0;0.0
3;5200;COCONUT_COUPON;608;44;;;;;609;44;;;;;608.5;0.0
3;5200;COCONUT;9978;208;;;;;9980;145;9981;63;;;9979.0;0.0
3;5300;COCONUT;9978;110;9977;80;;;9979;110;9980;80;;;9978.5;0.0
3;5300;COCONUT_COUPON;606;49;;;;;607;49;;;;;606.5;0.0
3;5400;COCONUT_COUPON;607;45;;;;;608;45;;;;;607.5;0.0
3;5400;COCONUT;9979;149;;;;;9981;103;9982;46;;;9980.0;0.0
3;5500;COCONUT_COUPON;609;33;;;;;610;42;;;;;609.5;0.0
3;5500;COCONUT;9981;129;9980;57;;;9982;129;9983;57;;;9981.5;0.0
3;5600;COCONUT_COUPON;611;15;610;16;;;612;31;;;;;611.5;0.0
3;5600;COCONUT;9982;113;9981;80;;;9983;113;9984;80;;;9982.5;0.0
3;5700;COCONUT;9981;128;9980;80;;;9982;128;9983;80;;;9981.5;0.0
3;5700;COCONUT_COUPON;610;43;;;;;611;43;;;;;610.5;0.0
3;5800;COCONUT_COUPON;609;42;;;;;610;42;;;;;609.5;0.0
3;5800;COCONUT;9979;114;9978;51;;;9981;165;;;;;9980.0;0.0
3;5900;COCONUT_COUPON;608;42;;;;;609;42;;;;;608.5;0.0
3;5900;COCONUT;9978;202;;;;;9980;147;9981;55;;;9979.0;0.0
3;6000;COCONUT_COUPON;608;32;;;;;609;32;;;;;608.5;0.0
3;6000;COCONUT;9979;104;9978;80;;;9980;104;9981;80;;;9979.5;0.0
3;6100;COCONUT;9980;114;9979;67;;;9981;114;9982;67;;;9980.5;0.0
3;6100;COCONUT_COUPON;608;36;;;;;609;36;;;;;608.5;0.0
3;6200;COCONUT_COUPON;607;35;;;;;609;35;;;;;608.0;0.0
3;6200;COCONUT;9982;171;;;;;9984;112;9985;59;;;9983.0;0.0
3;6300;COCONUT_COUPON;607;30;;;;;608;30;;;;;607.5;0.0
3;6300;COCONUT;9981;166;;;;;9983;111;9984;55;;;9982.0;0.0
3;6400;COCONUT_COUPON;608;42;;;;;609;42;;;;;608.5;0.0
3;6400;COCONUT;9982;186;;;;;9984;142;9985;44;;;9983.0;0.0
3;6500;COCONUT;9982;127;9981;70;;;9983;127;9984;70;;;9982.5;0.0
3;6500;COCONUT_COUPON;607;47;;;;;608;47;;;;;607.5;0.0
3;6600;COCONUT_COUPON;606;44;;;;;607;44;;;;;606.5;0.0
3;6600;COCONUT;9979;157;;;;;9981;157;;;;;9980.0;0.0
3;6700;COCONUT_COUPON;605;30;;;;;606;30;;;;;605.5;0.0
3;6700;COCONUT;9979;132;9978;55;;;9981;187;;;;;9980.0;0.0
3;6800;COCONUT_COUPON;604;35;;;;;605;35;;;;;604.5;0.0
3;6800;COCONUT;9980;107;9979;66;;;9981;107;9982;66;;;9980.5;0.0
3;6900;COCONUT;9979;105;9978;60;;;9980;105;9981;60;;;9979.5;0.0
3;6900;COCONUT_COUPON;605;36;;;;;606;36;;;;;605.5;0.0
3;7000;COCONUT_COUPON;606;46;;;;;607;46;;;;;606.5;0.0
3;7000;COCONUT;9980;120;9979;56;;;9981;112;9982;56;;;9980.5;0.0
3;7100;COCONUT_COUPON;606;44;;;;;607;37;;;;;606.5;0.0
3;7100;COCONUT;9981;108;9980;48;;;9982;108;9983;48;;;9981.5;0.0
3;7200;COCONUT_COUPON;605;42;;;;;606;42;;;;;605.5;0.0
3;7200;COCONUT;9980;141;9979;47;;;9981;141;9982;47;;;9980.5;0.0
3;7300;COCONUT;9980;133;9979;69;;;9981;133;9982;69;;;9980.5;0.0
3;7300;COCONUT_COUPON;605;56;;;;;606;44;;;;;605.5;0.0
3;7400;COCONUT;9979;118;9978;73;;;9980;118;9981;73;;;9979.5;0.0
3;7400;COCONUT_COUPON;605;34;;;;;606;34;;;;;605.5;0.0
3;7500;COCONUT;9978;138;9977;46;;;9979;138;9980;46;;;9978.5;0.0
3;7500;COCONUT_COUPON;603;34;;;;;604;34;;;;;603.5;0.0
3;7600;COCONUT_COUPON;603;41;;;;;604;41;;;;;603.5;0.0
3;7600;COCONUT;9978;147;9977;75;;;9980;222;;;;;9979.0;0.0
3;7700;COCONUT;9978;169;;;;;9980;106;9981;63;;;9979.0;0.0
3;7700;COCONUT_COUPON;603;40;;;;;604;40;;;;;603.5;0.0
3;7800;COCONUT;9978;144;9977;43;;;9980;181;;;;;9979.0;0.0
3;7800;COCONUT_COUPON;601;35;;;;;602;35;;;;;601.5;0.0
3;7900;COCONUT;9978;146;9977;69;;;9979;146;9980;69;;;9978.5;0.0
3;7900;COCONUT_COUPON;601;41;;;;;603;41;;;;;602.0;0.0
3;8000;COCONUT;9979;119;9978;74;;;9980;119;9981;74;;;9979.5;0.0
3;8000;COCONUT_COUPON;601;37;;;;;602;37;;;;;601.5;0.0
3;8100;COCONUT_COUPON;600;41;;;;;601;41;;;;;600.5;0.0
3;8100;COCONUT;9977;132;9976;64;;;9979;196;;;;;9978.0;0.0
3;8200;COCONUT;9976;203;;;;;9978;136;9979;67;;;9977.0;0.0
3;8200;COCONUT_COUPON;600;38;;;;;601;42;;;;;600.5;0.0
3;8300;COCONUT;9976;106;9975;57;;;9977;106;9978;57;;;9976.5;0.0
3;8300;COCONUT_COUPON;599;44;;;;;600;44;;;;;599.5;0.0
3;8400;COCONUT;9974;143;9973;67;;;9975;143;9976;67;;;9974.5;0.0
3;8400;COCONUT_COUPON;598;43;;;;;599;43;;;;;598.5;0.0
3;8500;COCONUT_COUPON;597;47;;;;;598;47;;;;;597.5;0.0
3;8500;COCONUT;9973;148;9972;68;;;9974;148;9975;68;;;9973.5;0.0
3;8600;COCONUT;9973;209;;;;;9975;132;9976;77;;;9974.0;0.0
3;8600;COCONUT_COUPON;596;36;;;;;597;36;;;;;596.5;0.0
3;8700;COCONUT;9974;141;9973;66;;;9976;207;;;;;9975.0;0.0
3;8700;COCONUT_COUPON;595;51;;;;;596;40;;;;;595.5;0.0
3;8800;COCONUT;9973;103;9972;53;;;9975;156;;;;;9974.0;0.0
3;8800;COCONUT_COUPON;597;33;;;;;598;33;;;;;597.5;0.0
3;8900;COCONUT_COUPON;600;13;599;18;;;601;31;;;;;600.5;0.0
3;8900;COCONUT;9976;134;9975;45;;;9977;134;9978;45;;;9976.5;0.0
3;9000;COCONUT;9977;122;9976;67;;;9978;122;9979;67;;;9977.5;0.0
3;9000;COCONUT_COUPON;600;37;;;;;601;37;;;;;600.5;0.0
3;9100;COCONUT;9975;134;9974;69;;;9976;134;9977;69;;;9975.5;0.0
3;9100;COCONUT_COUPON;601;44;;;;;602;44;;;;;601.5;0.0
3;9200;COCONUT;9975;224;;;;;9977;148;9978;76;;;9976.0;0.0
3;9200;COCONUT_COUPON;602;38;;;;;603;38;;;;;602.5;0.0
3;9300;COCONUT_COUPON;601;36;;;;;602;36;;;;;601.5;0.0
3;9300;COCONUT;9974;179;;;;;9976;109;9977;70;;;9975.0;0.0
3;9400;COCONUT;9973;147;9972;70;;;9974;147;9975;70;;;9973.5;0.0
3;9400;COCONUT_COUPON;601;28;;;;;602;48;;;;;601.5;0.0
3;9500;COCONUT;9973;106;9972;64;;;9975;170;;;;;9974.0;0.0
3;9500;COCONUT_COUPON;604;50;;;;;605;50;;;;;604.5;0.0
3;9600;COCONUT;9974;149;9973;43;;;9975;149;9976;43;;;9974.5;0.0
3;9600;COCONUT_COUPON;603;28;;;;;604;28;;;;;603.5;0.0
3;9700;COCONUT_COUPON;604;30;;;;;605;30;;;;;604.5;0.0
3;9700;COCONUT;9974;106;9973;51;;;9976;157;;;;;9975.0;0.0
3;9800;COCONUT;9973;147;;;;;9975;105;9976;42;;;9974.0;0.0
3;9800;COCONUT_COUPON;602;40;;;;;603;40;;;;;602.5;0.0
3;9900;COCONUT;9975;158;;;;;9977;103;9978;55;;;9976.0;0.0
3;9900;COCONUT_COUPON;605;39;;;;;606;39;;;;;605.5;0.0
3;10000;COCONUT;9975;180;;;;;9977;109;9978;71;;;9976.0;0.0
3;10000;COCONUT_COUPON;605;19;;;;;606;30;;;;;605.5;0.0
3;10100;COCONUT_COUPON;604;28;;;;;605;28;;;;;604.5;0.0
3;10100;COCONUT;9976;120;9975;63;;;9977;115;9978;63;;;9976.5;0.0
3;10200;COCONUT;9975;103;9974;67;;;9976;103;9977;67;;;9975.5;0.0
3;10200;COCONUT_COUPON;603;28;;;;;604;42;;;;;603.5;0.0
3;10300;COCONUT;9975;128;9974;61;;;9977;189;;;;;9976.0;0.0
3;10300;COCONUT_COUPON;603;31;;;;;604;31;;;;;603.5;0.0
3;10400;COCONUT;9976;142;9975;64;;;9977;142;9978;64;;;9976.5;0.0
3;10400;COCONUT_COUPON;603;53;;;;;605;39;;;;;604.0;0.0
3;10500;COCONUT_COUPON;602;38;;;;;603;38;;;;;602.5;0.0
3;10500;COCONUT;9975;123;9974;54;;;9977;177;;;;;9976.0;0.0
3;10600;COCONUT;9977;146;9976;63;;;9978;146;9979;63;;;9977.5;0.0
3;10600;COCONUT_COUPON;604;12;603;19;;;605;39;;;;;604.5;0.0
3;10700;COCONUT;9977;150;9976;80;;;9978;150;9979;80;;;9977.5;0.0
3;10700;COCONUT_COUPON;605;37;;;;;606;37;;;;;605.5;0.0
3;10800;COCONUT;9976;105;9975;58;;;9977;105;9978;58;;;9976.5;0.0
3;10800;COCONUT_COUPON;605;45;;;;;606;45;;;;;605.5;0.0
3;10900;COCONUT_COUPON;606;43;;;;;607;43;;;;;606.5;0.0
3;10900;COCONUT;9975;106;9974;49;;;9977;155;;;;;9976.0;0.0
3;11000;COCONUT;9973;166;;;;;9975;119;9976;47;;;9974.0;0.0
3;11000;COCONUT_COUPON;605;40;;;;;606;40;;;;;605.5;0.0
3;11100;COCONUT;9973;113;9972;42;;;9975;155;;;;;9974.0;0.0
3;11100;COCONUT_COUPON;603;38;;;;;605;38;;;;;604.0;0.0
3;11200;COCONUT;9974;8;9973;168;;;9975;116;9976;52;;;9974.5;0.0
3;11200;COCONUT_COUPON;605;39;;;;;606;39;;;;;605.5;0.0
3;11300;COCONUT_COUPON;606;38;;;;;607;38;;;;;606.5;0.0
3;11300;COCONUT;9971;115;9970;48;;;9972;115;9973;48;;;9971.5;0.0
3;11400;COCONUT;9970;149;9969;79;;;9971;149;9972;79;;;9970.5;0.0
3;11400;COCONUT_COUPON;605;44;;;;;606;44;;;;;605.5;0.0
3;11500;COCONUT;9971;112;9970;71;;;9972;112;9973;71;;;9971.5;0.0
3;11500;COCONUT_COUPON;604;35;;;;;605;35;;;;;604.5;0.0
3;11600;COCONUT;9971;135;9970;40;;;9972;135;9973;40;;;9971.5;0.0
3;11600;COCONUT_COUPON;604;43;;;;;605;43;;;;;604.5;0.0
3;11700;COCONUT_COUPON;606;34;;;;;607;34;;;;;606.5;0.0
3;11700;COCONUT;9973;128;9972;64;;;9974;128;9975;64;;;9973.5;0.0
3;11800;COCONUT;9973;131;9972;77;;;9974;136;9975;77;;;9973.5;0.0
3;11800;COCONUT_COUPON;605;33;;;;;606;33;;;;;605.5;0.0
3;11900;COCONUT;9972;115;9971;55;;;9974;170;;;;;9973.0;0.0
3;11900;COCONUT_COUPON;604;43;;;;;605;43;;;;;604.5;0.0
3;12000;COCONUT;9972;136;9971;77;;;9973;136;9974;77;;;9972.5;0.0
3;12000;COCONUT_COUPON;603;26;;;;;604;26;;;;;603.5;0.0
3;12100;COCONUT_COUPON;602;37;;;;;603;14;604;23;;;602.5;0.0
3;12100;COCONUT;9971;145;9970;42;;;9973;187;;;;;9972.0;0.0
3;12200;COCONUT;9973;139;9972;72;;;9974;139;9975;72;;;9973.5;0.0
3;12200;COCONUT_COUPON;604;39;;;;;605;39;;;;;604.5;0.0
3;12300;COCONUT;9972;199;;;;;9974;124;9975;75;;;9973.0;0.0
3;12300;COCONUT_COUPON;605;42;;;;;606;31;;;;;605.5;0.0
3;12400;COCONUT_COUPON;605;32;;;;;606;32;;;;;605.5;0.0
3;12400;COCONUT;9974;193;;;;;9976;135;9977;58;;;9975.0;0.0
3;12500;COCONUT_COUPON;607;33;;;;;608;33;;;;;607.5;0.0
3;12500;COCONUT;9975;176;;;;;9976;8;9977;131;9978;45;9975.5;0.0
3;12600;COCONUT_COUPON;607;44;;;;;608;32;;;;;607.5;0.0
3;12600;COCONUT;9976;143;9975;70;;;9978;213;;;;;9977.0;0.0
3;12700;COCONUT;9976;146;9975;57;;;9977;146;9978;57;;;9976.5;0.0
3;12700;COCONUT_COUPON;608;30;;;;;609;30;;;;;608.5;0.0
3;12800;COCONUT_COUPON;608;34;;;;;609;45;;;;;608.5;0.0
3;12800;COCONUT;9975;149;9974;60;;;9976;149;9977;60;;;9975.5;0.0
3;12900;COCONUT_COUPON;607;36;;;;;608;36;;;;;607.5;0.0
3;12900;COCONUT;9976;98;9975;54;;;9977;108;9978;54;;;9976.5;0.0
3;13000;COCONUT_COUPON;607;40;;;;;608;40;;;;;607.5;0.0
3;13000;COCONUT;9974;115;9973;75;;;9976;184;;;;;9975.0;0.0
3;13100;COCONUT;9974;117;9973;57;;;9976;174;;;;;9975.0;0.0
3;13100;COCONUT_COUPON;609;47;;;;;610;47;;;;;609.5;0.0
3;13200;COCONUT_COUPON;609;38;;;;;610;38;;;;;609.5;0.0
3;13200;COCONUT;9975;132;9974;49;;;9976;132;9977;49;;;9975.5;0.0
3;13300;COCONUT_COUPON;609;37;;;;;610;37;;;;;609.5;0.0
3;13300;COCONUT;9974;122;9973;57;;;9975;110;9976;57;;;9974.5;0.0
3;13400;COCONUT_COUPON;607;28;;;;;608;28;;;;;607.5;0.0
3;13400;COCONUT;9974;177;;;;;9976;113;9977;64;;;9975.0;0.0
3;13500;COCONUT;9974;138;9973;46;;;9976;184;;;;;9975.0;0.0
3;13500;COCONUT_COUPON;608;62;;;;;609;43;;;;;608.5;0.0
3;13600;COCONUT_COUPON;609;42;;;;;610;42;;;;;609.5;0.0
3;13600;COCONUT;9975;131;9974;61;;;9977;192;;;;;9976.0;0.0
3;13700;COCONUT_COUPON;608;43;;;;;609;43;;;;;608.5;0.0
3;13700;COCONUT;9974;131;9973;52;;;9976;183;;;;;9975.0;0.0
3;13800;COCONUT_COUPON;607;32;;;;;608;32;;;;;607.5;0.0
3;13800;COCONUT;9974;102;9973;45;;;9975;102;9976;45;;;9974.5;0.0
3;13900;COCONUT;9973;139;9972;70;;;9974;139;9975;70;;;9973.5;0.0
3;13900;COCONUT_COUPON;608;41;;;;;609;41;;;;;608.5;0.0
3;14000;COCONUT_COUPON;607;44;;;;;608;44;;;;;607.5;0.0
3;14000;COCONUT;9972;102;9971;45;;;9973;102;9974;45;;;9972.5;0.0
3;14100;COCONUT_COUPON;605;37;;;;;606;37;;;;;605.5;0.0
3;14100;COCONUT;9972;108;9971;67;;;9973;108;9974;67;;;9972.5;0.0
3;14200;COCONUT_COUPON;607;36;;;;;609;36;;;;;608.0;0.0
3;14200;COCONUT;9974;118;9973;69;;;9976;187;;;;;9975.0;0.0
3;14300;COCONUT;9974;113;9973;78;;;9975;113;9976;78;;;9974.5;0.0
3;14300;COCONUT_COUPON;607;31;;;;;608;36;;;;;607.5;0.0
3;14400;COCONUT_COUPON;606;38;;;;;607;38;;;;;606.5;0.0
3;14400;COCONUT;9973;130;9972;50;;;9974;130;9975;50;;;9973.5;0.0
3;14500;COCONUT_COUPON;607;52;;;;;608;52;;;;;607.5;0.0
3;14500;COCONUT;9973;122;9972;73;;;9975;195;;;;;9974.0;0.0
3;14600;COCONUT_COUPON;608;26;;;;;609;38;;;;;608.5;0.0
3;14600;COCONUT;9976;129;9975;58;;;9977;135;9978;58;;;9976.5;0.0
3;14700;COCONUT;9978;146;9977;47;;;9979;146;9980;47;;;9978.5;0.0
3;14700;COCONUT_COUPON;607;33;;;;;608;33;;;;;607.5;0.0
3;14800;COCONUT_COUPON;607;30;;;;;609;30;;;;;608.0;0.0
3;14800;COCONUT;9976;108;9975;69;;;9978;177;;;;;9977.0;0.0
3;14900;COCONUT_COUPON;610;38;;;;;611;38;;;;;610.5;0.0
3;14900;COCONUT;9977;141;9976;57;;;9978;141;9979;57;;;9977.5;0.0
3;15000;COCONUT_COUPON;609;46;;;;;610;46;;;;;609.5;0.0
3;15000;COCONUT;9975;134;9974;67;;;9976;134;9977;67;;;9975.5;0.0
3;15100;COCONUT;9974;117;9973;64;;;9976;181;;;;;9975.0;0.0
3;15100;COCONUT_COUPON;608;32;;;;;609;12;610;20;;;608.5;0.0
3;15200;COCONUT_COUPON;610;47;;;;;611;33;;;;;610.5;0.0
3;15200;COCONUT;9975;121;9974;62;;;9977;183;;;;;9976.0;0.0
3;15300;COCONUT_COUPON;607;33;;;;;608;33;;;;;607.5;0.0
3;15300;COCONUT;9974;133;9973;42;;;9976;175;;;;;9975.0;0.0
3;15400;COCONUT_COUPON;607;39;;;;;608;39;;;;;607.5;0.0
3;15400;COCONUT;9974;110;9973;43;;;9975;110;9976;43;;;9974.5;0.0
3;15500;COCONUT;9974;148;9973;65;;;9975;148;9976;65;;;9974.5;0.0
3;15500;COCONUT_COUPON;607;44;;;;;609;44;;;;;608.0;0.0
3;15600;COCONUT_COUPON;608;38;;;;;610;38;;;;;609.0;0.0
3;15600;COCONUT;9974;205;;;;;9976;142;9977;63;;;9975.0;0.0
3;15700;COCONUT_COUPON;609;37;;;;;610;37;;;;;609.5;0.0
3;15700;COCONUT;9974;180;;;;;9976;136;9977;44;;;9975.0;0.0
3;15800;COCONUT_COUPON;610;38;;;;;612;44;;;;;611.0;0.0
3;15800;COCONUT;9976;147;9975;42;;;9977;147;9978;42;;;9976.5;0.0
3;15900;COCONUT;9976;116;9975;58;;;9978;174;;;;;9977.0;0.0
3;15900;COCONUT_COUPON;612;57;;;;;613;44;;;;;612.5;0.0
3;16000;COCONUT_COUPON;610;37;;;;;611;37;;;;;610.5;0.0
3;16000;COCONUT;9975;139;9974;40;;;9976;139;9977;40;;;9975.5;0.0
3;16100;COCONUT_COUPON;609;44;;;;;610;44;;;;;609.5;0.0
3;16100;COCONUT;9975;179;;;;;9977;138;9978;41;;;9976.0;0.0
3;16200;COCONUT_COUPON;610;42;;;;;611;42;;;;;610.5;0.0
3;16200;COCONUT;9975;190;;;;;9977;122;9978;68;;;9976.0;0.0
3;16300;COCONUT;9976;122;9975;77;;;9977;122;9978;77;;;9976.5;0.0
3;16300;COCONUT_COUPON;609;31;;;;;610;14;611;17;;;609.5;0.0
3;16400;COCONUT;9977;132;9976;50;;;9978;132;9979;50;;;9977.5;0.0
3;16400;COCONUT_COUPON;610;27;;;;;611;27;;;;;610.5;0.0
3;16500;COCONUT;9976;131;9975;53;;;9977;131;9978;53;;;9976.5;0.0
3;16500;COCONUT_COUPON;609;30;;;;;610;30;;;;;609.5;0.0
3;16600;COCONUT_COUPON;608;40;;;;;609;40;;;;;608.5;0.0
3;16600;COCONUT;9977;101;9976;69;;;9978;101;9979;69;;;9977.5;0.0
3;16700;COCONUT;9977;127;9976;46;;;9978;127;9979;46;;;9977.5;0.0
3;16700;COCONUT_COUPON;608;34;;;;;610;34;;;;;609.0;0.0
3;16800;COCONUT;9978;148;9977;42;;;9979;148;9980;42;;;9978.5;0.0
3;16800;COCONUT_COUPON;609;47;;;;;610;34;;;;;609.5;0.0
3;16900;COCONUT;9979;184;;;;;9981;111;9982;73;;;9980.0;0.0
3;16900;COCONUT_COUPON;609;40;;;;;611;40;;;;;610.0;0.0
3;17000;COCONUT;9979;177;;;;;9981;102;9982;75;;;9980.0;0.0
3;17000;COCONUT_COUPON;608;42;;;;;610;42;;;;;609.0;0.0
3;17100;COCONUT_COUPON;607;37;;;;;608;37;;;;;607.5;0.0
3;17100;COCONUT;9978;212;;;;;9980;148;9981;64;;;9979.0;0.0
3;17200;COCONUT;9978;103;9977;70;;;9980;173;;;;;9979.0;0.0
3;17200;COCONUT_COUPON;606;51;;;;;607;35;;;;;606.5;0.0
3;17300;COCONUT;9980;142;9979;66;;;9981;142;9982;66;;;9980.5;0.0
3;17300;COCONUT_COUPON;606;39;;;;;607;39;;;;;606.5;0.0
3;17400;COCONUT;9977;121;9976;72;;;9979;193;;;;;9978.0;0.0
3;17400;COCONUT_COUPON;605;31;;;;;606;31;;;;;605.5;0.0
3;17500;COCONUT_COUPON;604;40;;;;;605;40;;;;;604.5;0.0
3;17500;COCONUT;9977;113;9976;59;;;9978;113;9979;59;;;9977.5;0.0
3;17600;COCONUT;9976;180;;;;;9978;115;9979;65;;;9977.0;0.0
3;17600;COCONUT_COUPON;604;20;;;;;605;40;;;;;604.5;0.0
3;17700;COCONUT;9974;197;;;;;9976;131;9977;66;;;9975.0;0.0
3;17700;COCONUT_COUPON;603;41;;;;;604;41;;;;;603.5;0.0
3;17800;COCONUT;9973;114;9972;44;;;9975;158;;;;;9974.0;0.0
3;17800;COCONUT_COUPON;603;50;;;;;604;50;;;;;603.5;0.0
3;17900;COCONUT_COUPON;603;39;;;;;605;39;;;;;604.0;0.0
3;17900;COCONUT;9974;141;9973;80;;;9976;221;;;;;9975.0;0.0
3;18000;COCONUT;9975;106;9974;76;;;9976;106;9977;76;;;9975.5;0.0
3;18000;COCONUT_COUPON;604;44;;;;;605;44;;;;;604.5;0.0
3;18100;COCONUT;9974;145;9973;61;;;9975;145;9976;61;;;9974.5;0.0
3;18100;COCONUT_COUPON;606;1;605;35;;;607;36;;;;;606.5;0.0
3;18200;COCONUT;9974;191;;;;;9976;139;9977;52;;;9975.0;0.0
3;18200;COCONUT_COUPON;607;30;;;;;608;30;;;;;607.5;0.0
3;18300;COCONUT_COUPON;607;41;;;;;608;41;;;;;607.5;0.0
3;18300;COCONUT;9974;175;;;;;9976;128;9977;47;;;9975.0;0.0
3;18400;COCONUT;9975;198;;;;;9977;134;9978;64;;;9976.0;0.0
3;18400;COCONUT_COUPON;606;29;;;;;607;29;;;;;606.5;0.0
3;18500;COCONUT;9976;116;9975;70;;;9978;186;;;;;9977.0;0.0
3;18500;COCONUT_COUPON;605;38;;;;;606;1;607;37;;;605.5;0.0
3;18600;COCONUT;9977;139;9976;45;;;9979;184;;;;;9978.0;0.0
3;18600;COCONUT_COUPON;606;34;;;;;607;34;;;;;606.5;0.0
3;18700;COCONUT_COUPON;606;32;;;;;607;32;;;;;606.5;0.0
3;18700;COCONUT;9976;146;9975;74;;;9978;220;;;;;9977.0;0.0
3;18800;COCONUT;9975;138;9974;61;;;9976;138;9977;61;;;9975.5;0.0
3;18800;COCONUT_COUPON;605;34;;;;;606;2;607;32;;;605.5;0.0
3;18900;COCONUT;9974;131;9973;64;;;9976;195;;;;;9975.0;0.0
3;18900;COCONUT_COUPON;606;43;;;;;607;43;;;;;606.5;0.0
3;19000;COCONUT;9974;189;;;;;9976;134;9977;55;;;9975.0;0.0
3;19000;COCONUT_COUPON;608;30;;;;;609;30;;;;;608.5;0.0
3;19100;COCONUT_COUPON;609;36;;;;;610;36;;;;;609.5;0.0
3;19100;COCONUT;9976;133;9975;69;;;9977;133;9978;69;;;9976.5;0.0
3;19200;COCONUT;9977;125;9976;56;;;9978;125;9979;56;;;9977.5;0.0
3;19200;COCONUT_COUPON;610;40;;;;;611;40;;;;;610.5;0.0
3;19300;COCONUT;9975;101;9974;68;;;9977;169;;;;;9976.0;0.0
3;19300;COCONUT_COUPON;607;44;;;;;609;44;;;;;608.0;0.0
3;19400;COCONUT;9976;138;9975;58;;;9978;196;;;;;9977.0;0.0
3;19400;COCONUT_COUPON;607;53;;;;;608;41;;;;;607.5;0.0
3;19500;COCONUT_COUPON;606;33;;;;;607;33;;;;;606.5;0.0
3;19500;COCONUT;9973;196;;;;;9975;149;9976;47;;;9974.0;0.0
3;19600;COCONUT;9973;126;9972;69;;;9974;126;9975;69;;;9973.5;0.0
3;19600;COCONUT_COUPON;604;12;603;33;;;605;33;;;;;604.5;0.0
3;19700;COCONUT;9974;133;9973;64;;;9976;197;;;;;9975.0;0.0
3;19700;COCONUT_COUPON;603;26;;;;;604;38;;;;;603.5;0.0
3;19800;COCONUT;9973;127;9972;60;;;9975;187;;;;;9974.0;0.0
3;19800;COCONUT_COUPON;600;40;;;;;601;40;;;;;600.5;0.0
3;19900;COCONUT_COUPON;600;42;;;;;602;42;;;;;601.0;0.0
3;19900;COCONUT;9973;194;;;;;9975;137;9976;57;;;9974.0;0.0
3;20000;COCONUT;9971;191;;;;;9973;115;9974;76;;;9972.0;0.0
3;20000;COCONUT_COUPON;600;46;;;;;601;46;;;;;600.5;0.0
3;20100;COCONUT;9972;144;;;;;9974;100;9975;44;;;9973.0;0.0
3;20100;COCONUT_COUPON;601;32;;;;;602;2;603;30;;;601.5;0.0
3;20200;COCONUT;9973;112;9972;66;;;9974;112;9975;66;;;9973.5;0.0
3;20200;COCONUT_COUPON;599;36;;;;;600;36;;;;;599.5;0.0
3;20300;COCONUT_COUPON;598;42;;;;;599;42;;;;;598.5;0.0
3;20300;COCONUT;9972;128;9971;76;;;9973;128;9974;76;;;9972.5;0.0
3;20400;COCONUT;9973;124;9972;77;;;9974;124;9975;77;;;9973.5;0.0
3;20400;COCONUT_COUPON;598;43;;;;;599;43;;;;;598.5;0.0
3;20500;COCONUT;9973;187;;;;;9975;130;9976;57;;;9974.0;0.0
3;20500;COCONUT_COUPON;600;40;;;;;601;40;;;;;600.5;0.0
3;20600;COCONUT;9974;131;9973;43;;;9975;131;9976;43;;;9974.5;0.0
3;20600;COCONUT_COUPON;600;38;;;;;602;38;;;;;601.0;0.0
3;20700;COCONUT_COUPON;601;30;;;;;602;30;;;;;601.5;0.0
3;20700;COCONUT;9974;108;9973;78;;;9975;102;9976;78;;;9974.5;0.0
3;20800;COCONUT;9972;177;;;;;9974;128;9975;49;;;9973.0;0.0
3;20800;COCONUT_COUPON;600;47;;;;;601;47;;;;;600.5;0.0
3;20900;COCONUT;9973;123;9972;59;;;9974;123;9975;59;;;9973.5;0.0
3;20900;COCONUT_COUPON;601;43;;;;;602;43;;;;;601.5;0.0
3;21000;COCONUT;9970;198;;;;;9972;146;9973;52;;;9971.0;0.0
3;21000;COCONUT_COUPON;600;28;;;;;601;28;;;;;600.5;0.0
3;21100;COCONUT_COUPON;602;39;;;;;603;39;;;;;602.5;0.0
3;21100;COCONUT;9972;197;;;;;9974;119;9975;78;;;9973.0;0.0
3;21200;COCONUT;9974;134;9973;76;;;9975;128;9976;76;;;9974.5;0.0
3;21200;COCONUT_COUPON;602;35;;;;;603;35;;;;;602.5;0.0
3;21300;COCONUT;9974;150;9973;71;;;9975;150;9976;71;;;9974.5;0.0
3;21300;COCONUT_COUPON;603;33;;;;;604;33;;;;;603.5;0.0
3;21400;COCONUT_COUPON;604;37;;;;;605;37;;;;;604.5;0.0
3;21400;COCONUT;9974;117;9973;76;;;9975;117;9976;76;;;9974.5;0.0
3;21500;COCONUT_COUPON;601;48;;;;;602;48;;;;;601.5;0.0
3;21500;COCONUT;9972;120;9971;49;;;9973;120;9974;49;;;9972.5;0.0
3;21600;COCONUT_COUPON;602;39;;;;;603;39;;;;;602.5;0.0
3;21600;COCONUT;9972;179;;;;;9974;118;9975;61;;;9973.0;0.0
3;21700;COCONUT;9972;143;;;;;9974;103;9975;40;;;9973.0;0.0
3;21700;COCONUT_COUPON;602;30;;;;;603;2;604;28;;;602.5;0.0
3;21800;COCONUT_COUPON;602;37;;;;;603;37;;;;;602.5;0.0
3;21800;COCONUT;9972;142;9971;60;;;9973;142;9974;60;;;9972.5;0.0
3;21900;COCONUT_COUPON;602;49;;;;;603;49;;;;;602.5;0.0
3;21900;COCONUT;9971;120;9970;41;;;9972;120;9973;41;;;9971.5;0.0
3;22000;COCONUT_COUPON;602;37;;;;;603;37;;;;;602.5;0.0
3;22000;COCONUT;9970;151;9969;45;;;9972;187;;;;;9971.0;0.0
3;22100;COCONUT;9970;142;9969;62;;;9971;142;9972;62;;;9970.5;0.0
3;22100;COCONUT_COUPON;603;42;;;;;604;42;;;;;603.5;0.0
3;22200;COCONUT_COUPON;603;36;;;;;604;36;;;;;603.5;0.0
3;22200;COCONUT;9969;185;;;;;9970;6;9971;145;9972;40;9969.5;0.0
3;22300;COCONUT_COUPON;603;34;;;;;605;34;;;;;604.0;0.0
3;22300;COCONUT;9970;183;;;;;9972;117;9973;66;;;9971.0;0.0
3;22400;COCONUT_COUPON;603;28;;;;;604;28;;;;;603.5;0.0
3;22400;COCONUT;9970;126;9969;57;;;9971;120;9972;57;;;9970.5;0.0
3;22500;COCONUT;9968;194;;;;;9970;136;9971;58;;;9969.0;0.0
3;22500;COCONUT_COUPON;603;49;;;;;604;37;;;;;603.5;0.0
3;22600;COCONUT_COUPON;603;38;;;;;604;38;;;;;603.5;0.0
3;22600;COCONUT;9966;184;;;;;9968;108;9969;76;;;9967.0;0.0
3;22700;COCONUT_COUPON;603;32;;;;;604;44;;;;;603.5;0.0
3;22700;COCONUT;9966;106;9965;62;;;9968;168;;;;;9967.0;0.0
3;22800;COCONUT_COUPON;603;28;;;;;604;28;;;;;603.5;0.0
3;22800;COCONUT;9967;153;;;;;9969;99;9970;51;;;9968.0;0.0
3;22900;COCONUT;9968;143;9967;59;;;9969;143;9970;59;;;9968.5;0.0
3;22900;COCONUT_COUPON;604;27;;;;;605;34;;;;;604.5;0.0
3;23000;COCONUT_COUPON;605;25;;;;;606;41;;;;;605.5;0.0
3;23000;COCONUT;9968;121;9967;50;;;9970;171;;;;;9969.0;0.0
3;23100;COCONUT_COUPON;606;37;;;;;607;37;;;;;606.5;0.0
3;23100;COCONUT;9968;114;9967;63;;;9969;114;9970;63;;;9968.5;0.0
3;23200;COCONUT_COUPON;607;1;606;47;;;608;48;;;;;607.5;0.0
3;23200;COCONUT;9968;139;9967;78;;;9969;139;9970;78;;;9968.5;0.0
3;23300;COCONUT;9969;136;9968;65;;;9970;136;9971;65;;;9969.5;0.0
3;23300;COCONUT_COUPON;606;40;;;;;607;40;;;;;606.5;0.0
3;23400;COCONUT_COUPON;604;27;;;;;605;27;;;;;604.5;0.0
3;23400;COCONUT;9968;156;;;;;9970;109;9971;47;;;9969.0;0.0
3;23500;COCONUT_COUPON;604;46;;;;;605;46;;;;;604.5;0.0
3;23500;COCONUT;9968;169;;;;;9970;122;9971;47;;;9969.0;0.0
3;23600;COCONUT_COUPON;604;38;;;;;605;38;;;;;604.5;0.0
3;23600;COCONUT;9968;100;9967;62;;;9969;100;9970;62;;;9968.5;0.0
3;23700;COCONUT;9967;123;9966;65;;;9968;123;9969;65;;;9967.5;0.0
3;23700;COCONUT_COUPON;606;39;;;;;607;39;;;;;606.5;0.0
3;23800;COCONUT_COUPON;606;48;;;;;607;48;;;;;606.5;0.0
3;23800;COCONUT;9966;135;9965;40;;;9967;135;9968;40;;;9966.5;0.0
3;23900;COCONUT_COUPON;606;30;;;;;607;30;;;;;606.5;0.0
3;23900;COCONUT;9964;127;9963;56;;;9965;127;9966;56;;;9964.5;0.0
3;24000;COCONUT_COUPON;607;48;;;;;608;48;;;;;607.5;0.0
3;24000;COCONUT;9966;146;9965;64;;;9967;146;9968;64;;;9966.5;0.0
3;24100;COCONUT;9965;105;9964;75;;;9967;180;;;;;9966.0;0.0
3;24100;COCONUT_COUPON;608;46;;;;;609;38;;;;;608.5;0.0
3;24200;COCONUT_COUPON;609;42;;;;;610;29;;;;;609.5;0.0
3;24200;COCONUT;9967;102;9966;78;;;9968;112;9969;78;;;9967.5;0.0
3;24300;COCONUT_COUPON;608;45;;;;;610;45;;;;;609.0;0.0
3;24300;COCONUT;9964;183;;;;;9966;118;9967;65;;;9965.0;0.0
3;24400;COCONUT_COUPON;607;26;;;;;609;42;;;;;608.0;0.0
3;24400;COCONUT;9963;206;;;;;9965;144;9966;62;;;9964.0;0.0
3;24500;COCONUT;9964;154;;;;;9966;112;9967;42;;;9965.0;0.0
3;24500;COCONUT_COUPON;607;37;;;;;608;37;;;;;607.5;0.0
3;24600;COCONUT_COUPON;607;40;;;;;608;40;;;;;607.5;0.0
3;24600;COCONUT;9965;143;9964;47;;;9966;143;9967;47;;;9965.5;0.0
3;24700;COCONUT_COUPON;605;46;;;;;606;39;;;;;605.5;0.0
3;24700;COCONUT;9965;122;9964;44;;;9966;122;9967;44;;;9965.5;0.0
3;24800;COCONUT_COUPON;606;42;;;;;607;42;;;;;606.5;0.0
3;24800;COCONUT;9965;211;;;;;9967;139;9968;72;;;9966.0;0.0
3;24900;COCONUT;9963;199;;;;;9965;127;9966;72;;;9964.0;0.0
3;24900;COCONUT_COUPON;605;35;;;;;606;35;;;;;605.5;0.0
3;25000;COCONUT_COUPON;606;30;;;;;607;30;;;;;606.5;0.0
3;25000;COCONUT;9963;143;9962;58;;;9964;143;9965;58;;;9963.5;0.0
3;25100;COCONUT_COUPON;606;30;;;;;607;30;;;;;606.5;0.0
3;25100;COCONUT;9963;219;;;;;9965;141;9966;78;;;9964.0;0.0
3;25200;COCONUT_COUPON;605;39;;;;;606;39;;;;;605.5;0.0
3;25200;COCONUT;9964;143;9963;65;;;9965;143;9966;65;;;9964.5;0.0
3;25300;COCONUT;9964;186;;;;;9966;146;9967;40;;;9965.0;0.0
3;25300;COCONUT_COUPON;606;48;;;;;607;38;;;;;606.5;0.0
3;25400;COCONUT;9965;212;;;;;9967;147;9968;65;;;9966.0;0.0
3;25400;COCONUT_COUPON;604;48;;;;;606;48;;;;;605.0;0.0
3;25500;COCONUT;9966;121;9965;42;;;9967;131;9968;42;;;9966.5;0.0
3;25500;COCONUT_COUPON;607;50;;;;;608;50;;;;;607.5;0.0
3;25600;COCONUT_COUPON;607;35;;;;;608;35;;;;;607.5;0.0
3;25600;COCONUT;9966;149;9965;65;;;9968;214;;;;;9967.0;0.0
3;25700;COCONUT_COUPON;606;39;;;;;607;39;;;;;606.5;0.0
3;25700;COCONUT;9968;104;9967;73;;;9969;104;9970;73;;;9968.5;0.0
3;25800;COCONUT;9967;110;9966;59;;;9968;110;9969;59;;;9967.5;0.0
3;25800;COCONUT_COUPON;606;34;;;;;607;34;;;;;606.5;0.0
3;25900;COCONUT;9966;107;9965;60;;;9968;167;;;;;9967.0;0.0
3;25900;COCONUT_COUPON;605;36;;;;;606;36;;;;;605.5;0.0
3;26000;COCONUT;9965;146;9964;65;;;9967;211;;;;;9966.0;0.0
3;26000;COCONUT_COUPON;606;40;;;;;607;40;;;;;606.5;0.0
3;26100;COCONUT_COUPON;606;37;;;;;607;37;;;;;606.5;0.0
3;26100;COCONUT;9966;123;9965;67;;;9967;123;9968;67;;;9966.5;0.0
3;26200;COCONUT;9965;134;9964;66;;;9966;134;9967;66;;;9965.5;0.0
3;26200;COCONUT_COUPON;606;38;;;;;607;38;;;;;606.5;0.0
3;26300;COCONUT;9964;196;;;;;9966;146;9967;50;;;9965.0;0.0
3;26300;COCONUT_COUPON;605;30;;;;;606;30;;;;;605.5;0.0
3;26400;COCONUT;9967;149;9966;67;;;9969;216;;;;;9968.0;0.0
3;26400;COCONUT_COUPON;607;32;;;;;609;32;;;;;608.0;0.0
3;26500;COCONUT_COUPON;608;38;;;;;609;38;;;;;608.5;0.0
3;26500;COCONUT;9968;132;9967;71;;;9969;132;9970;71;;;9968.5;0.0
3;26600;COCONUT;9969;107;9968;50;;;9971;157;;;;;9970.0;0.0
3;26600;COCONUT_COUPON;608;15;;;;;609;32;;;;;608.5;0.0
3;26700;COCONUT;9970;149;9969;64;;;9972;213;;;;;9971.0;0.0
3;26700;COCONUT_COUPON;609;35;;;;;610;35;;;;;609.5;0.0
3;26800;COCONUT;9971;143;9970;56;;;9972;143;9973;56;;;9971.5;0.0
3;26800;COCONUT_COUPON;609;45;;;;;610;45;;;;;609.5;0.0
3;26900;COCONUT_COUPON;609;44;;;;;610;44;;;;;609.5;0.0
3;26900;COCONUT;9971;116;9970;73;;;9972;116;9973;73;;;9971.5;0.0
3;27000;COCONUT;9971;158;9970;59;;;9972;150;9973;59;;;9971.5;0.0
3;27000;COCONUT_COUPON;608;35;;;;;609;42;;;;;608.5;0.0
3;27100;COCONUT;9970;126;9969;73;;;9971;126;9972;73;;;9970.5;0.0
3;27100;COCONUT_COUPON;608;34;;;;;609;34;;;;;608.5;0.0
3;27200;COCONUT;9969;198;;;;;9971;135;9972;63;;;9970.0;0.0
3;27200;COCONUT_COUPON;607;49;;;;;608;49;;;;;607.5;0.0
3;27300;COCONUT_COUPON;606;37;;;;;607;37;;;;;606.5;0.0
3;27300;COCONUT;9969;121;9968;60;;;9970;119;9971;60;;;9969.5;0.0
3;27400;COCONUT;9970;102;9969;60;;;9971;102;9972;60;;;9970.5;0.0
3;27400;COCONUT_COUPON;606;36;;;;;607;36;;;;;606.5;0.0
3;27500;COCONUT;9971;202;;;;;9973;140;9974;62;;;9972.0;0.0
3;27500;COCONUT_COUPON;608;34;;;;;609;34;;;;;608.5;0.0
3;27600;COCONUT;9972;143;9971;76;;;9973;143;9974;76;;;9972.5;0.0
3;27600;COCONUT_COUPON;607;37;;;;;608;37;;;;;607.5;0.0
3;27700;COCONUT_COUPON;607;24;;;;;609;37;;;;;608.0;0.0
3;27700;COCONUT;9972;190;;;;;9974;130;9975;60;;;9973.0;0.0
3;27800;COCONUT;9973;137;9972;80;;;9974;129;9975;80;;;9973.5;0.0
3;27800;COCONUT_COUPON;608;28;;;;;609;28;;;;;608.5;0.0
3;27900;COCONUT;9972;138;9971;47;;;9973;138;9974;47;;;9972.5;0.0
3;27900;COCONUT_COUPON;607;26;;;;;608;26;;;;;607.5;0.0
3;28000;COCONUT;9972;143;9971;70;;;9973;143;9974;70;;;9972.5;0.0
3;28000;COCONUT_COUPON;608;33;;;;;609;33;;;;;608.5;0.0
3;28100;COCONUT_COUPON;608;31;;;;;609;31;;;;;608.5;0.0
3;28100;COCONUT;9974;129;9973;72;;;9976;201;;;;;9975.0;0.0
3;28200;COCONUT;9973;109;9972;79;;;9975;188;;;;;9974.0;0.0
3;28200;COCONUT_COUPON;606;46;;;;;607;46;;;;;606.5;0.0
3;28300;COCONUT;9973;199;;;;;9975;122;9976;77;;;9974.0;0.0
3;28300;COCONUT_COUPON;604;31;;;;;605;31;;;;;604.5;0.0
3;28400;COCONUT;9974;109;9973;67;;;9975;109;9976;67;;;9974.5;0.0
3;28400;COCONUT_COUPON;603;29;;;;;604;40;;;;;603.5;0.0
3;28500;COCONUT_COUPON;603;39;;;;;604;39;;;;;603.5;0.0
3;28500;COCONUT;9973;148;9972;78;;;9974;148;9975;78;;;9973.5;0.0
3;28600;COCONUT;9972;108;9971;66;;;9974;174;;;;;9973.0;0.0
3;28600;COCONUT_COUPON;603;27;;;;;604;27;;;;;603.5;0.0
3;28700;COCONUT;9971;134;9970;66;;;9973;191;;;;;9972.0;0.0
3;28700;COCONUT_COUPON;602;34;;;;;603;34;;;;;602.5;0.0
3;28800;COCONUT;9972;127;9971;56;;;9973;127;9974;56;;;9972.5;0.0
3;28800;COCONUT_COUPON;601;35;;;;;603;35;;;;;602.0;0.0
3;28900;COCONUT_COUPON;602;36;;;;;603;36;;;;;602.5;0.0
3;28900;COCONUT;9972;120;9971;53;;;9973;120;9974;53;;;9972.5;0.0
3;29000;COCONUT;9972;111;9971;66;;;9973;111;9974;66;;;9972.5;0.0
3;29000;COCONUT_COUPON;602;34;;;;;603;34;;;;;602.5;0.0
3;29100;COCONUT;9971;100;9970;80;;;9972;100;9973;80;;;9971.5;0.0
3;29100;COCONUT_COUPON;600;47;;;;;601;47;;;;;600.5;0.0
3;29200;COCONUT;9970;116;9969;69;;;9971;116;9972;69;;;9970.5;0.0
3;29200;COCONUT_COUPON;602;20;601;29;;;603;49;;;;;602.5;0.0
3;29300;COCONUT_COUPON;602;29;;;;;603;29;;;;;602.5;0.0
3;29300;COCONUT;9971;128;9970;42;;;9973;170;;;;;9972.0;0.0
3;29400;COCONUT;9970;175;;;;;9971;7;9972;110;9973;65;9970.5;0.0
3;29400;COCONUT_COUPON;603;42;;;;;604;42;;;;;603.5;0.0
3;29500;COCONUT;9969;177;;;;;9971;136;9972;41;;;9970.0;0.0
3;29500;COCONUT_COUPON;603;39;;;;;604;39;;;;;603.5;0.0
3;29600;COCONUT;9970;121;9969;68;;;9971;121;9972;68;;;9970.5;0.0
3;29600;COCONUT_COUPON;602;36;;;;;603;36;;;;;602.5;0.0
3;29700;COCONUT_COUPON;601;25;;;;;602;39;;;;;601.5;0.0
3;29700;COCONUT;9970;120;9969;58;;;9972;178;;;;;9971.0;0.0
3;29800;COCONUT;9968;167;;;;;9970;116;9971;51;;;9969.0;0.0
3;29800;COCONUT_COUPON;601;48;;;;;602;48;;;;;601.5;0.0
3;29900;COCONUT;9968;106;9967;78;;;9970;184;;;;;9969.0;0.0
3;29900;COCONUT_COUPON;602;22;;;;;603;30;;;;;602.5;0.0
3;30000;COCONUT;9968;166;;;;;9970;100;9971;66;;;9969.0;0.0
3;30000;COCONUT_COUPON;602;54;;;;;603;44;;;;;602.5;0.0
3;30100;COCONUT_COUPON;601;31;;;;;602;31;;;;;601.5;0.0
3;30100;COCONUT;9967;116;9966;40;;;9969;156;;;;;9968.0;0.0
3;30200;COCONUT_COUPON;602;39;;;;;603;39;;;;;602.5;0.0
3;30200;COCONUT;9968;196;;;;;9970;196;;;;;9969.0;0.0
3;30300;COCONUT;9965;127;9964;61;;;9966;127;9967;61;;;9965.5;0.0
3;30300;COCONUT_COUPON;601;31;;;;;602;31;;;;;601.5;0.0
3;30400;COCONUT_COUPON;601;40;;;;;602;40;;;;;601.5;0.0
3;30400;COCONUT;9965;150;9964;48;;;9967;193;;;;;9966.0;0.0
3;30500;COCONUT_COUPON;602;42;;;;;603;42;;;;;602.5;0.0
3;30500;COCONUT;9964;145;9963;79;;;9966;224;;;;;9965.0;0.0
3;30600;COCONUT_COUPON;601;36;;;;;602;36;;;;;601.5;0.0
3;30600;COCONUT;9963;122;9962;53;;;9964;130;9965;53;;;9963.5;0.0
3;30700;COCONUT;9962;150;9961;46;;;9963;150;9964;46;;;9962.5;0.0
3;30700;COCONUT_COUPON;600;35;;;;;601;35;;;;;600.5;0.0
3;30800;COCONUT_COUPON;601;36;;;;;602;36;;;;;601.5;0.0
3;30800;COCONUT;9962;130;9961;50;;;9963;130;9964;50;;;9962.5;0.0
3;30900;COCONUT_COUPON;600;61;;;;;601;44;;;;;600.5;0.0
3;30900;COCONUT;9962;128;9961;40;;;9964;168;;;;;9963.0;0.0
3;31000;COCONUT_COUPON;601;40;;;;;603;40;;;;;602.0;0.0
3;31000;COCONUT;9961;106;9960;51;;;9963;157;;;;;9962.0;0.0
3;31100;COCONUT;9961;140;9960;69;;;9963;203;;;;;9962.0;0.0
3;31100;COCONUT_COUPON;601;50;;;;;602;50;;;;;601.5;0.0
3;31200;COCONUT_COUPON;602;14;;;;;603;34;;;;;602.5;0.0
3;31200;COCONUT;9960;136;9959;74;;;9962;210;;;;;9961.0;0.0
3;31300;COCONUT_COUPON;601;41;;;;;602;41;;;;;601.5;0.0
3;31300;COCONUT;9960;116;9959;50;;;9961;116;9962;50;;;9960.5;0.0
3;31400;COCONUT_COUPON;602;48;;;;;603;48;;;;;602.5;0.0
3;31400;COCONUT;9960;137;9959;48;;;9962;185;;;;;9961.0;0.0
3;31500;COCONUT;9962;145;9961;59;;;9963;145;9964;59;;;9962.5;0.0
3;31500;COCONUT_COUPON;604;33;;;;;605;39;;;;;604.5;0.0
3;31600;COCONUT_COUPON;605;31;;;;;606;31;;;;;605.5;0.0
3;31600;COCONUT;9963;119;9962;42;;;9964;119;9965;42;;;9963.5;0.0
3;31700;COCONUT_COUPON;606;43;;;;;607;43;;;;;606.5;0.0
3;31700;COCONUT;9962;127;9961;74;;;9964;201;;;;;9963.0;0.0
3;31800;COCONUT_COUPON;605;39;;;;;606;39;;;;;605.5;0.0
3;31800;COCONUT;9960;103;9959;75;;;9962;178;;;;;9961.0;0.0
3;31900;COCONUT;9961;150;9960;54;;;9962;150;9963;54;;;9961.5;0.0
3;31900;COCONUT_COUPON;606;40;;;;;607;40;;;;;606.5;0.0
3;32000;COCONUT_COUPON;608;46;;;;;609;46;;;;;608.5;0.0
3;32000;COCONUT;9962;96;9961;59;;;9963;101;9964;59;;;9962.5;0.0
3;32100;COCONUT_COUPON;608;44;;;;;609;44;;;;;608.5;0.0
3;32100;COCONUT;9963;126;9962;74;;;9964;126;9965;74;;;9963.5;0.0
3;32200;COCONUT_COUPON;609;31;;;;;610;31;;;;;609.5;0.0
3;32200;COCONUT;9964;145;9963;74;;;9965;145;9966;74;;;9964.5;0.0
3;32300;COCONUT;9965;110;9964;49;;;9966;110;9967;49;;;9965.5;0.0
3;32300;COCONUT_COUPON;610;28;;;;;611;28;;;;;610.5;0.0
3;32400;COCONUT_COUPON;608;37;;;;;609;37;;;;;608.5;0.0
3;32400;COCONUT;9963;134;9962;56;;;9965;190;;;;;9964.0;0.0
3;32500;COCONUT_COUPON;608;38;;;;;609;38;;;;;608.5;0.0
3;32500;COCONUT;9963;115;9962;60;;;9965;175;;;;;9964.0;0.0
3;32600;COCONUT_COUPON;609;31;;;;;610;31;;;;;609.5;0.0
3;32600;COCONUT;9964;105;9963;58;;;9965;105;9966;58;;;9964.5;0.0
3;32700;COCONUT;9963;128;9962;52;;;9964;128;9965;52;;;9963.5;0.0
3;32700;COCONUT_COUPON;610;35;;;;;611;35;;;;;610.5;0.0
3;32800;COCONUT_COUPON;609;38;;;;;610;38;;;;;609.5;0.0
3;32800;COCONUT;9963;110;9962;45;;;9965;155;;;;;9964.0;0.0
3;32900;COCONUT_COUPON;609;34;;;;;610;34;;;;;609.5;0.0
3;32900;COCONUT;9963;108;9962;74;;;9964;116;9965;74;;;9963.5;0.0
3;33000;COCONUT_COUPON;607;35;;;;;608;35;;;;;607.5;0.0
3;33000;COCONUT;9963;147;9962;55;;;9964;147;9965;55;;;9963.5;0.0
3;33100;COCONUT;9964;9;9963;195;;;9965;132;9966;63;;;9964.5;0.0
3;33100;COCONUT_COUPON;608;41;;;;;609;41;;;;;608.5;0.0
3;33200;COCONUT_COUPON;606;31;;;;;607;31;;;;;606.5;0.0
3;33200;COCONUT;9963;112;9962;78;;;9965;190;;;;;9964.0;0.0
3;33300;COCONUT_COUPON;607;40;;;;;608;40;;;;;607.5;0.0
3;33300;COCONUT;9964;187;;;;;9966;119;9967;67;;;9965.0;0.0
3;33400;COCONUT_COUPON;606;37;;;;;607;37;;;;;606.5;0.0
3;33400;COCONUT;9965;100;9964;59;;;9967;159;;;;;9966.0;0.0
3;33500;COCONUT;9964;216;;;;;9966;141;9967;75;;;9965.0;0.0
3;33500;COCONUT_COUPON;604;28;;;;;605;28;;;;;604.5;0.0
3;33600;COCONUT_COUPON;604;54;;;;;605;48;;;;;604.5;0.0
3;33600;COCONUT;9966;102;9965;50;;;9967;102;9968;50;;;9966.5;0.0
3;33700;COCONUT_COUPON;606;44;;;;;607;44;;;;;606.5;0.0
3;33700;COCONUT;9968;146;9967;57;;;9970;203;;;;;9969.0;0.0
3;33800;COCONUT_COUPON;607;48;;;;;608;48;;;;;607.5;0.0
3;33800;COCONUT;9969;135;9968;43;;;9970;135;9971;43;;;9969.5;0.0
3;33900;COCONUT;9969;133;9968;60;;;9970;133;9971;60;;;9969.5;0.0
3;33900;COCONUT_COUPON;607;35;;;;;608;35;;;;;607.5;0.0
3;34000;COCONUT_COUPON;607;43;;;;;608;43;;;;;607.5;0.0
3;34000;COCONUT;9969;148;9968;50;;;9970;148;9971;50;;;9969.5;0.0
3;34100;COCONUT;9969;207;;;;;9971;150;9972;57;;;9970.0;0.0
3;34100;COCONUT_COUPON;608;34;;;;;609;34;;;;;608.5;0.0
3;34200;COCONUT_COUPON;607;63;;;;;608;49;;;;;607.5;0.0
3;34200;COCONUT;9971;108;9970;79;;;9972;108;9973;79;;;9971.5;0.0
3;34300;COCONUT;9971;188;;;;;9973;123;9974;62;;;9972.0;0.0
3;34300;COCONUT_COUPON;606;41;;;;;607;41;;;;;606.5;0.0
3;34400;COCONUT;9970;104;9969;44;;;9972;148;;;;;9971.0;0.0
3;34400;COCONUT_COUPON;604;47;;;;;605;47;;;;;604.5;0.0
3;34500;COCONUT;9970;138;9969;48;;;9971;138;9972;48;;;9970.5;0.0
3;34500;COCONUT_COUPON;604;37;;;;;605;37;;;;;604.5;0.0
3;34600;COCONUT;9969;202;;;;;9971;150;9972;52;;;9970.0;0.0
3;34600;COCONUT_COUPON;604;38;;;;;605;38;;;;;604.5;0.0
3;34700;COCONUT_COUPON;602;37;;;;;603;37;;;;;602.5;0.0
3;34700;COCONUT;9968;216;;;;;9970;139;9971;77;;;9969.0;0.0
3;34800;COCONUT;9968;149;;;;;9970;103;9971;46;;;9969.0;0.0
3;34800;COCONUT_COUPON;603;37;;;;;604;37;;;;;603.5;0.0
3;34900;COCONUT;9968;198;;;;;9970;138;9971;60;;;9969.0;0.0
3;34900;COCONUT_COUPON;604;37;;;;;605;37;;;;;604.5;0.0
3;35000;COCONUT;9968;183;;;;;9970;130;9971;53;;;9969.0;0.0
3;35000;COCONUT_COUPON;603;47;;;;;604;2;605;45;;;603.5;0.0
3;35100;COCONUT_COUPON;604;32;;;;;605;32;;;;;604.5;0.0
3;35100;COCONUT;9969;193;;;;;9971;129;9972;64;;;9970.0;0.0
3;35200;COCONUT;9971;156;9970;74;;;9973;220;;;;;9972.0;0.0
3;35200;COCONUT_COUPON;605;14;604;40;;;606;40;;;;;605.5;0.0
3;35300;COCONUT;9971;107;9970;50;;;9972;107;9973;50;;;9971.5;0.0
3;35300;COCONUT_COUPON;604;46;;;;;605;46;;;;;604.5;0.0
3;35400;COCONUT;9971;110;9970;70;;;9972;110;9973;70;;;9971.5;0.0
3;35400;COCONUT_COUPON;604;25;;;;;605;38;;;;;604.5;0.0
3;35500;COCONUT_COUPON;604;36;;;;;605;36;;;;;604.5;0.0
3;35500;COCONUT;9972;139;9971;59;;;9974;198;;;;;9973.0;0.0
3;35600;COCONUT;9969;198;;;;;9971;122;9972;76;;;9970.0;0.0
3;35600;COCONUT_COUPON;605;40;;;;;606;40;;;;;605.5;0.0
3;35700;COCONUT;9969;111;9968;77;;;9971;178;;;;;9970.0;0.0
3;35700;COCONUT_COUPON;603;50;;;;;605;50;;;;;604.0;0.0
3;35800;COCONUT;9970;145;9969;44;;;9972;180;;;;;9971.0;0.0
3;35800;COCONUT_COUPON;604;13;;;;;605;31;;;;;604.5;0.0
3;35900;COCONUT_COUPON;604;32;;;;;605;32;;;;;604.5;0.0
3;35900;COCONUT;9971;137;9970;74;;;9972;137;9973;74;;;9971.5;0.0
3;36000;COCONUT;9970;135;9969;50;;;9971;135;9972;50;;;9970.5;0.0
3;36000;COCONUT_COUPON;605;41;;;;;606;41;;;;;605.5;0.0
3;36100;COCONUT;9969;127;9968;76;;;9970;127;9971;76;;;9969.5;0.0
3;36100;COCONUT_COUPON;603;42;;;;;605;42;;;;;604.0;0.0
3;36200;COCONUT;9969;115;9968;60;;;9970;115;9971;60;;;9969.5;0.0
3;36200;COCONUT_COUPON;602;34;;;;;603;34;;;;;602.5;0.0
3;36300;COCONUT_COUPON;604;38;;;;;605;38;;;;;604.5;0.0
3;36300;COCONUT;9969;199;;;;;9971;120;9972;79;;;9970.0;0.0
3;36400;COCONUT;9970;121;9969;63;;;9971;122;9972;63;;;9970.5;0.0
3;36400;COCONUT_COUPON;605;51;;;;;606;38;;;;;605.5;0.0
3;36500;COCONUT;9969;169;;;;;9971;120;9972;49;;;9970.0;0.0
3;36500;COCONUT_COUPON;606;10;605;36;;;607;36;;;;;606.5;0.0
3;36600;COCONUT;9968;108;9967;70;;;9969;108;9970;70;;;9968.5;0.0
3;36600;COCONUT_COUPON;605;37;;;;;606;37;;;;;605.5;0.0
3;36700;COCONUT_COUPON;606;33;;;;;607;33;;;;;606.5;0.0
3;36700;COCONUT;9967;124;9966;80;;;9968;124;9969;80;;;9967.5;0.0
3;36800;COCONUT;9967;220;;;;;9969;150;9970;70;;;9968.0;0.0
3;36800;COCONUT_COUPON;605;44;;;;;606;44;;;;;605.5;0.0
3;36900;COCONUT;9968;107;9967;44;;;9969;107;9970;44;;;9968.5;0.0
3;36900;COCONUT_COUPON;604;31;;;;;605;37;;;;;604.5;0.0
3;37000;COCONUT;9967;145;9966;76;;;9969;221;;;;;9968.0;0.0
3;37000;COCONUT_COUPON;603;45;;;;;604;45;;;;;603.5;0.0
3;37100;COCONUT_COUPON;603;37;;;;;604;37;;;;;603.5;0.0
3;37100;COCONUT;9967;119;9966;62;;;9968;119;9969;62;;;9967.5;0.0
3;37200;COCONUT;9967;122;9966;51;;;9968;122;9969;51;;;9967.5;0.0
3;37200;COCONUT_COUPON;603;50;;;;;604;32;;;;;603.5;0.0
3;37300;COCONUT;9965;194;;;;;9967;131;9968;63;;;9966.0;0.0
3;37300;COCONUT_COUPON;601;39;;;;;602;39;;;;;601.5;0.0
3;37400;COCONUT;9967;106;9966;57;;;9969;163;;;;;9968.0;0.0
3;37400;COCONUT_COUPON;602;28;;;;;603;34;;;;;602.5;0.0
3;37500;COCONUT_COUPON;603;49;;;;;604;49;;;;;603.5;0.0
3;37500;COCONUT;9967;94;9966;54;;;9968;104;9969;54;;;9967.5;0.0
3;37600;COCONUT;9967;119;9966;70;;;9968;119;9969;70;;;9967.5;0.0
3;37600;COCONUT_COUPON;604;22;;;;;605;46;;;;;604.5;0.0
3;37700;COCONUT;9967;141;9966;76;;;9969;217;;;;;9968.0;0.0
3;37700;COCONUT_COUPON;605;18;604;47;;;606;47;;;;;605.5;0.0
3;37800;COCONUT;9967;144;9966;48;;;9969;192;;;;;9968.0;0.0
3;37800;COCONUT_COUPON;604;29;;;;;605;29;;;;;604.5;0.0
3;37900;COCONUT_COUPON;603;48;;;;;604;28;;;;;603.5;0.0
3;37900;COCONUT;9966;139;9965;65;;;9967;139;9968;65;;;9966.5;0.0
3;38000;COCONUT;9967;112;9966;55;;;9968;112;9969;55;;;9967.5;0.0
3;38000;COCONUT_COUPON;602;37;;;;;603;37;;;;;602.5;0.0
3;38100;COCONUT;9965;135;9964;50;;;9966;135;9967;50;;;9965.5;0.0
3;38100;COCONUT_COUPON;601;39;;;;;602;39;;;;;601.5;0.0
3;38200;COCONUT;9967;115;9966;46;;;9968;124;9969;46;;;9967.5;0.0
3;38200;COCONUT_COUPON;602;30;;;;;603;30;;;;;602.5;0.0
3;38300;COCONUT_COUPON;604;38;;;;;605;38;;;;;604.5;0.0
3;38300;COCONUT;9968;147;9967;60;;;9969;147;9970;60;;;9968.5;0.0
3;38400;COCONUT;9966;126;9965;63;;;9968;194;;;;;9967.0;0.0
3;38400;COCONUT_COUPON;602;45;;;;;603;38;;;;;602.5;0.0
3;38500;COCONUT;9966;137;9965;75;;;9968;212;;;;;9967.0;0.0
3;38500;COCONUT_COUPON;601;36;;;;;602;36;;;;;601.5;0.0
3;38600;COCONUT;9965;144;9964;56;;;9966;144;9967;56;;;9965.5;0.0
3;38600;COCONUT_COUPON;601;33;;;;;602;33;;;;;601.5;0.0
3;38700;COCONUT_COUPON;599;48;;;;;600;48;;;;;599.5;0.0
3;38700;COCONUT;9964;118;9963;59;;;9965;118;9966;59;;;9964.5;0.0
3;38800;COCONUT;9962;132;9961;58;;;9963;132;9964;58;;;9962.5;0.0
3;38800;COCONUT_COUPON;598;33;;;;;599;33;;;;;598.5;0.0
3;38900;COCONUT;9961;104;9960;80;;;9963;184;;;;;9962.0;0.0
3;38900;COCONUT_COUPON;598;41;;;;;599;41;;;;;598.5;0.0
3;39000;COCONUT_COUPON;597;45;;;;;598;45;;;;;597.5;0.0
3;39000;COCONUT;9960;114;9959;54;;;9962;168;;;;;9961.0;0.0
3;39100;COCONUT_COUPON;599;41;;;;;600;41;;;;;599.5;0.0
3;39100;COCONUT;9962;150;9961;64;;;9963;150;9964;64;;;9962.5;0.0
3;39200;COCONUT_COUPON;598;31;;;;;599;31;;;;;598.5;0.0
3;39200;COCONUT;9962;105;9961;50;;;9963;105;9964;50;;;9962.5;0.0
3;39300;COCONUT;9962;147;9961;43;;;9963;147;9964;43;;;9962.5;0.0
3;39300;COCONUT_COUPON;598;40;;;;;599;40;;;;;598.5;0.0
3;39400;COCONUT_COUPON;599;36;;;;;600;36;;;;;599.5;0.0
3;39400;COCONUT;9963;224;;;;;9965;148;9966;76;;;9964.0;0.0
3;39500;COCONUT_COUPON;598;35;;;;;599;35;;;;;598.5;0.0
3;39500;COCONUT;9963;132;9962;60;;;9964;132;9965;60;;;9963.5;0.0
3;39600;COCONUT_COUPON;597;33;;;;;598;33;;;;;597.5;0.0
3;39600;COCONUT;9964;215;;;;;9966;144;9967;71;;;9965.0;0.0
3;39700;COCONUT;9964;116;9963;53;;;9965;116;9966;53;;;9964.5;0.0
3;39700;COCONUT_COUPON;596;34;;;;;597;34;;;;;596.5;0.0
3;39800;COCONUT_COUPON;594;45;;;;;595;45;;;;;594.5;0.0
3;39800;COCONUT;9962;172;;;;;9964;123;9965;49;;;9963.0;0.0
3;39900;COCONUT_COUPON;594;30;;;;;595;30;;;;;594.5;0.0
3;39900;COCONUT;9961;162;;;;;9962;10;9963;108;9964;54;9961.5;0.0
3;40000;COCONUT_COUPON;594;42;;;;;595;42;;;;;594.5;0.0
3;40000;COCONUT;9962;113;9961;70;;;9963;113;9964;70;;;9962.5;0.0
3;40100;COCONUT;9961;120;9960;68;;;9962;120;9963;68;;;9961.5;0.0
3;40100;COCONUT_COUPON;592;31;;;;;593;31;;;;;592.5;0.0
3;40200;COCONUT_COUPON;593;43;;;;;594;31;;;;;593.5;0.0
3;40200;COCONUT;9961;131;9960;63;;;9963;194;;;;;9962.0;0.0
3;40300;COCONUT_COUPON;594;31;;;;;595;31;;;;;594.5;0.0
3;40300;COCONUT;9961;116;9960;67;;;9962;116;9963;67;;;9961.5;0.0
3;40400;COCONUT_COUPON;593;43;;;;;594;27;;;;;593.5;0.0
3;40400;COCONUT;9961;117;9960;64;;;9962;117;9963;64;;;9961.5;0.0
3;40500;COCONUT;9961;110;9960;56;;;9962;110;9963;56;;;9961.5;0.0
3;40500;COCONUT_COUPON;591;37;;;;;593;37;;;;;592.0;0.0
3;40600;COCONUT_COUPON;592;44;;;;;593;44;;;;;592.5;0.0
3;40600;COCONUT;9960;156;;;;;9962;107;9963;49;;;9961.0;0.0
3;40700;COCONUT_COUPON;591;43;;;;;592;43;;;;;591.5;0.0
3;40700;COCONUT;9959;141;9958;61;;;9960;141;9961;61;;;9959.5;0.0
3;40800;COCONUT_COUPON;591;20;590;24;;;592;38;;;;;591.5;0.0
3;40800;COCONUT;9959;109;9958;80;;;9960;109;9961;80;;;9959.5;0.0
3;40900;COCONUT;9960;127;9959;77;;;9961;127;9962;77;;;9960.5;0.0
3;40900;COCONUT_COUPON;590;40;;;;;591;40;;;;;590.5;0.0
3;41000;COCONUT_COUPON;589;49;;;;;590;49;;;;;589.5;0.0
3;41000;COCONUT;9957;103;9956;41;;;9959;144;;;;;9958.0;0.0
3;41100;COCONUT_COUPON;590;33;;;;;591;33;;;;;590.5;0.0
3;41100;COCONUT;9957;126;9956;80;;;9958;126;9959;80;;;9957.5;0.0
3;41200;COCONUT_COUPON;588;47;;;;;589;47;;;;;588.5;0.0
3;41200;COCONUT;9957;133;9956;62;;;9958;136;9959;62;;;9957.5;0.0
3;41300;COCONUT;9957;175;;;;;9959;134;9960;41;;;9958.0;0.0
3;41300;COCONUT_COUPON;588;44;;;;;589;44;;;;;588.5;0.0
3;41400;COCONUT_COUPON;588;66;;;;;590;52;;;;;589.0;0.0
3;41400;COCONUT;9958;143;9957;51;;;9959;143;9960;51;;;9958.5;0.0
3;41500;COCONUT_COUPON;589;33;;;;;590;33;;;;;589.5;0.0
3;41500;COCONUT;9959;139;9958;41;;;9960;139;9961;41;;;9959.5;0.0
3;41600;COCONUT_COUPON;590;31;;;;;591;31;;;;;590.5;0.0
3;41600;COCONUT;9958;186;;;;;9960;133;9961;53;;;9959.0;0.0
3;41700;COCONUT;9958;178;;;;;9960;122;9961;56;;;9959.0;0.0
3;41700;COCONUT_COUPON;589;41;;;;;590;41;;;;;589.5;0.0
3;41800;COCONUT_COUPON;591;41;;;;;592;41;;;;;591.5;0.0
3;41800;COCONUT;9958;208;;;;;9960;143;9961;65;;;9959.0;0.0
3;41900;COCONUT_COUPON;591;41;;;;;592;41;;;;;591.5;0.0
3;41900;COCONUT;9958;129;9957;64;;;9960;193;;;;;9959.0;0.0
3;42000;COCONUT_COUPON;591;36;;;;;592;36;;;;;591.5;0.0
3;42000;COCONUT;9958;103;9957;49;;;9959;103;9960;49;;;9958.5;0.0
3;42100;COCONUT;9958;122;9957;56;;;9959;122;9960;56;;;9958.5;0.0
3;42100;COCONUT_COUPON;591;22;;;;;592;40;;;;;591.5;0.0
3;42200;COCONUT_COUPON;589;36;;;;;590;36;;;;;589.5;0.0
3;42200;COCONUT;9957;148;9956;60;;;9959;208;;;;;9958.0;0.0
3;42300;COCONUT_COUPON;591;35;;;;;592;35;;;;;591.5;0.0
3;42300;COCONUT;9958;116;9957;79;;;9959;116;9960;79;;;9958.5;0.0
3;42400;COCONUT_COUPON;592;41;;;;;594;41;;;;;593.0;0.0
3;42400;COCONUT;9959;149;9958;71;;;9960;149;9961;71;;;9959.5;0.0
3;42500;COCONUT;9960;101;9959;57;;;9961;101;9962;57;;;9960.5;0.0
3;42500;COCONUT_COUPON;593;46;;;;;594;46;;;;;593.5;0.0
3;42600;COCONUT_COUPON;593;42;;;;;594;42;;;;;593.5;0.0
3;42600;COCONUT;9958;119;9957;80;;;9960;199;;;;;9959.0;0.0
3;42700;COCONUT_COUPON;592;47;;;;;593;35;;;;;592.5;0.0
3;42700;COCONUT;9959;139;9958;75;;;9960;139;9961;75;;;9959.5;0.0
3;42800;COCONUT_COUPON;592;42;;;;;593;42;;;;;592.5;0.0
3;42800;COCONUT;9958;145;9957;73;;;9959;145;9960;73;;;9958.5;0.0
3;42900;COCONUT;9956;179;;;;;9958;130;9959;49;;;9957.0;0.0
3;42900;COCONUT_COUPON;592;37;;;;;593;37;;;;;592.5;0.0
3;43000;COCONUT;9957;108;9956;61;;;9958;108;9959;61;;;9957.5;0.0
3;43000;COCONUT_COUPON;593;20;;;;;594;37;;;;;593.5;0.0
3;43100;COCONUT;9957;101;9956;56;;;9958;101;9959;56;;;9957.5;0.0
3;43100;COCONUT_COUPON;593;31;;;;;594;31;;;;;593.5;0.0
3;43200;COCONUT_COUPON;593;26;;;;;594;26;;;;;593.5;0.0
3;43200;COCONUT;9957;139;9956;80;;;9958;146;9959;80;;;9957.5;0.0
3;43300;COCONUT;9956;164;;;;;9958;123;9959;41;;;9957.0;0.0
3;43300;COCONUT_COUPON;594;36;;;;;595;36;;;;;594.5;0.0
3;43400;COCONUT;9957;123;9956;54;;;9958;123;9959;54;;;9957.5;0.0
3;43400;COCONUT_COUPON;595;40;;;;;596;40;;;;;595.5;0.0
3;43500;COCONUT;9956;138;9955;47;;;9957;138;9958;47;;;9956.5;0.0
3;43500;COCONUT_COUPON;595;31;;;;;596;31;;;;;595.5;0.0
3;43600;COCONUT;9956;129;9955;80;;;9957;129;9958;80;;;9956.5;0.0
3;43600;COCONUT_COUPON;594;42;;;;;595;42;;;;;594.5;0.0
3;43700;COCONUT_COUPON;592;40;;;;;593;40;;;;;592.5;0.0
3;43700;COCONUT;9956;144;9955;40;;;9958;184;;;;;9957.0;0.0
3;43800;COCONUT;9957;127;9956;59;;;9959;180;;;;;9958.0;0.0
3;43800;COCONUT_COUPON;594;33;;;;;595;33;;;;;594.5;0.0
3;43900;COCONUT;9957;111;9956;45;;;9958;111;9959;45;;;9957.5;0.0
3;43900;COCONUT_COUPON;597;37;;;;;598;37;;;;;597.5;0.0
3;44000;COCONUT;9956;127;9955;57;;;9957;127;9958;57;;;9956.5;0.0
3;44000;COCONUT_COUPON;596;41;;;;;597;41;;;;;596.5;0.0
3;44100;COCONUT_COUPON;595;54;;;;;596;37;;;;;595.5;0.0
3;44100;COCONUT;9955;101;9954;53;;;9956;101;9957;53;;;9955.5;0.0
3;44200;COCONUT;9954;167;;;;;9956;106;9957;61;;;9955.0;0.0
3;44200;COCONUT_COUPON;595;40;;;;;596;40;;;;;595.5;0.0
3;44300;COCONUT;9955;145;9954;57;;;9957;202;;;;;9956.0;0.0
3;44300;COCONUT_COUPON;595;31;;;;;597;31;;;;;596.0;0.0
3;44400;COCONUT;9955;204;;;;;9957;129;9958;75;;;9956.0;0.0
3;44400;COCONUT_COUPON;593;25;;;;;594;38;;;;;593.5;0.0
3;44500;COCONUT_COUPON;592;36;;;;;593;36;;;;;592.5;0.0
3;44500;COCONUT;9955;207;;;;;9957;150;9958;57;;;9956.0;0.0
3;44600;COCONUT;9956;201;;;;;9958;132;9959;69;;;9957.0;0.0
3;44600;COCONUT_COUPON;592;24;;;;;593;37;;;;;592.5;0.0
3;44700;COCONUT;9957;135;9956;61;;;9958;135;9959;61;;;9957.5;0.0
3;44700;COCONUT_COUPON;593;50;;;;;594;50;;;;;593.5;0.0
3;44800;COCONUT;9957;144;9956;50;;;9958;144;9959;50;;;9957.5;0.0
3;44800;COCONUT_COUPON;592;23;;;;;593;35;;;;;592.5;0.0
3;44900;COCONUT_COUPON;590;43;;;;;591;43;;;;;590.5;0.0
3;44900;COCONUT;9955;143;9954;68;;;9956;143;9957;68;;;9955.5;0.0
3;45000;COCONUT;9954;118;9953;43;;;9955;118;9956;43;;;9954.5;0.0
3;45000;COCONUT_COUPON;588;37;;;;;589;37;;;;;588.5;0.0
3;45100;COCONUT;9953;136;9952;73;;;9955;209;;;;;9954.0;0.0
3;45100;COCONUT_COUPON;589;35;;;;;590;1;591;34;;;589.5;0.0
3;45200;COCONUT;9954;125;9953;77;;;9955;125;9956;77;;;9954.5;0.0
3;45200;COCONUT_COUPON;589;44;;;;;590;44;;;;;589.5;0.0
3;45300;COCONUT_COUPON;590;46;;;;;591;46;;;;;590.5;0.0
3;45300;COCONUT;9954;111;9953;74;;;9956;185;;;;;9955.0;0.0
3;45400;COCONUT;9954;150;9953;43;;;9955;150;9956;43;;;9954.5;0.0
3;45400;COCONUT_COUPON;591;39;;;;;592;39;;;;;591.5;0.0
3;45500;COCONUT;9954;124;9953;61;;;9955;124;9956;61;;;9954.5;0.0
3;45500;COCONUT_COUPON;591;39;;;;;592;39;;;;;591.5;0.0
3;45600;COCONUT;9952;134;9951;70;;;9954;204;;;;;9953.0;0.0
3;45600;COCONUT_COUPON;591;36;;;;;592;36;;;;;591.5;0.0
3;45700;COCONUT_COUPON;592;28;;;;;593;48;;;;;592.5;0.0
3;45700;COCONUT;9953;190;;;;;9955;118;9956;72;;;9954.0;0.0
3;45800;COCONUT;9953;148;9952;58;;;9954;148;9955;58;;;9953.5;0.0
3;45800;COCONUT_COUPON;592;53;;;;;593;38;;;;;592.5;0.0
3;45900;COCONUT;9953;146;9952;47;;;9955;193;;;;;9954.0;0.0
3;45900;COCONUT_COUPON;592;32;;;;;593;32;;;;;592.5;0.0
3;46000;COCONUT;9953;116;9952;60;;;9954;116;9955;60;;;9953.5;0.0
3;46000;COCONUT_COUPON;590;46;;;;;591;41;;;;;590.5;0.0
3;46100;COCONUT_COUPON;589;26;;;;;590;39;;;;;589.5;0.0
3;46100;COCONUT;9951;102;9950;69;;;9953;171;;;;;9952.0;0.0
3;46200;COCONUT;9951;6;9950;168;;;9952;112;9953;56;;;9951.5;0.0
3;46200;COCONUT_COUPON;590;44;;;;;591;44;;;;;590.5;0.0
3;46300;COCONUT;9951;150;9950;75;;;9953;225;;;;;9952.0;0.0
3;46300;COCONUT_COUPON;590;33;;;;;591;33;;;;;590.5;0.0
3;46400;COCONUT;9949;163;;;;;9951;113;9952;50;;;9950.0;0.0
3;46400;COCONUT_COUPON;588;46;;;;;589;46;;;;;588.5;0.0
3;46500;COCONUT_COUPON;587;44;;;;;588;44;;;;;587.5;0.0
3;46500;COCONUT;9948;123;9947;46;;;9950;169;;;;;9949.0;0.0
3;46600;COCONUT;9948;117;9947;46;;;9950;168;;;;;9949.0;0.0
3;46600;COCONUT_COUPON;586;38;;;;;587;38;;;;;586.5;0.0
3;46700;COCONUT;9949;196;;;;;9950;10;9951;141;9952;55;9949.5;0.0
3;46700;COCONUT_COUPON;587;54;;;;;588;37;;;;;587.5;0.0
3;46800;COCONUT;9951;115;9950;44;;;9952;115;9953;44;;;9951.5;0.0
3;46800;COCONUT_COUPON;587;37;;;;;588;37;;;;;587.5;0.0
3;46900;COCONUT_COUPON;587;42;;;;;588;42;;;;;587.5;0.0
3;46900;COCONUT;9951;103;9950;44;;;9953;147;;;;;9952.0;0.0
3;47000;COCONUT;9949;185;;;;;9951;124;9952;61;;;9950.0;0.0
3;47000;COCONUT_COUPON;587;45;;;;;588;45;;;;;587.5;0.0
3;47100;COCONUT;9948;144;9947;49;;;9949;144;9950;49;;;9948.5;0.0
3;47100;COCONUT_COUPON;586;41;;;;;587;41;;;;;586.5;0.0
3;47200;COCONUT;9948;123;9947;44;;;9949;123;9950;44;;;9948.5;0.0
3;47200;COCONUT_COUPON;587;42;;;;;589;42;;;;;588.0;0.0
3;47300;COCONUT_COUPON;586;36;;;;;587;36;;;;;586.5;0.0
3;47300;COCONUT;9948;104;9947;52;;;9950;156;;;;;9949.0;0.0
3;47400;COCONUT;9948;172;;;;;9949;7;9950;129;9951;43;9948.5;0.0
3;47400;COCONUT_COUPON;586;32;;;;;587;32;;;;;586.5;0.0
3;47500;COCONUT;9949;149;9948;62;;;9950;149;9951;62;;;9949.5;0.0
3;47500;COCONUT_COUPON;586;40;;;;;587;40;;;;;586.5;0.0
3;47600;COCONUT;9948;186;;;;;9950;143;9951;43;;;9949.0;0.0
3;47600;COCONUT_COUPON;586;31;;;;;587;31;;;;;586.5;0.0
3;47700;COCONUT_COUPON;586;32;;;;;587;32;;;;;586.5;0.0
3;47700;COCONUT;9948;189;;;;;9950;122;9951;67;;;9949.0;0.0
3;47800;COCONUT;9948;169;;;;;9950;110;9951;59;;;9949.0;0.0
3;47800;COCONUT_COUPON;586;41;;;;;587;41;;;;;586.5;0.0
3;47900;COCONUT;9949;122;9948;55;;;9951;177;;;;;9950.0;0.0
3;47900;COCONUT_COUPON;585;49;;;;;586;49;;;;;585.5;0.0
3;48000;COCONUT_COUPON;585;40;;;;;586;40;;;;;585.5;0.0
3;48000;COCONUT;9950;174;;;;;9952;174;;;;;9951.0;0.0
3;48100;COCONUT_COUPON;585;40;;;;;586;40;;;;;585.5;0.0
3;48100;COCONUT;9952;137;9951;71;;;9953;134;9954;71;;;9952.5;0.0
3;48200;COCONUT_COUPON;587;45;;;;;588;45;;;;;587.5;0.0
3;48200;COCONUT;9952;199;;;;;9954;129;9955;70;;;9953.0;0.0
3;48300;COCONUT;9953;131;9952;60;;;9954;131;9955;60;;;9953.5;0.0
3;48300;COCONUT_COUPON;588;38;;;;;589;38;;;;;588.5;0.0
3;48400;COCONUT_COUPON;589;33;;;;;590;33;;;;;589.5;0.0
3;48400;COCONUT;9952;185;;;;;9954;108;9955;77;;;9953.0;0.0
3;48500;COCONUT_COUPON;591;32;;;;;592;32;;;;;591.5;0.0
3;48500;COCONUT;9955;120;9954;44;;;9957;164;;;;;9956.0;0.0
3;48600;COCONUT_COUPON;593;46;;;;;594;46;;;;;593.5;0.0
3;48600;COCONUT;9956;165;;;;;9958;100;9959;65;;;9957.0;0.0
3;48700;COCONUT;9957;135;9956;74;;;9959;204;;;;;9958.0;0.0
3;48700;COCONUT_COUPON;594;28;;;;;595;28;;;;;594.5;0.0
3;48800;COCONUT_COUPON;595;34;;;;;596;34;;;;;595.5;0.0
3;48800;COCONUT;9957;137;9956;56;;;9959;193;;;;;9958.0;0.0
3;48900;COCONUT_COUPON;595;43;;;;;596;43;;;;;595.5;0.0
3;48900;COCONUT;9957;137;9956;74;;;9959;211;;;;;9958.0;0.0
3;49000;COCONUT_COUPON;595;35;;;;;596;35;;;;;595.5;0.0
3;49000;COCONUT;9958;111;9957;59;;;9959;111;9960;59;;;9958.5;0.0
3;49100;COCONUT;9956;134;9955;49;;;9958;183;;;;;9957.0;0.0
3;49100;COCONUT_COUPON;596;41;;;;;597;41;;;;;596.5;0.0
3;49200;COCONUT_COUPON;598;33;;;;;599;33;;;;;598.5;0.0
3;49200;COCONUT;9957;119;9956;43;;;9958;119;9959;43;;;9957.5;0.0
3;49300;COCONUT_COUPON;600;38;;;;;601;38;;;;;600.5;0.0
3;49300;COCONUT;9957;146;9956;76;;;9958;146;9959;76;;;9957.5;0.0
3;49400;COCONUT_COUPON;600;37;;;;;601;37;;;;;600.5;0.0
3;49400;COCONUT;9957;141;9956;52;;;9958;131;9959;52;;;9957.5;0.0
3;49500;COCONUT;9956;170;;;;;9958;104;9959;66;;;9957.0;0.0
3;49500;COCONUT_COUPON;601;29;;;;;602;29;;;;;601.5;0.0
3;49600;COCONUT_COUPON;601;33;;;;;602;33;;;;;601.5;0.0
3;49600;COCONUT;9956;136;9955;77;;;9957;136;9958;77;;;9956.5;0.0
3;49700;COCONUT_COUPON;601;41;;;;;602;41;;;;;601.5;0.0
3;49700;COCONUT;9956;196;;;;;9958;116;9959;80;;;9957.0;0.0
3;49800;COCONUT_COUPON;601;44;;;;;602;44;;;;;601.5;0.0
3;49800;COCONUT;9954;150;9953;78;;;9956;228;;;;;9955.0;0.0
3;49900;COCONUT;9953;206;;;;;9955;127;9956;79;;;9954.0;0.0
3;49900;COCONUT_COUPON;600;31;;;;;601;31;;;;;600.5;0.0
3;50000;COCONUT_COUPON;601;38;;;;;602;38;;;;;601.5;0.0
3;50000;COCONUT;9953;175;;;;;9955;123;9956;52;;;9954.0;0.0
3;50100;COCONUT_COUPON;600;53;;;;;601;42;;;;;600.5;0.0
3;50100;COCONUT;9954;113;9953;49;;;9955;113;9956;49;;;9954.5;0.0
3;50200;COCONUT_COUPON;598;34;;;;;599;38;;;;;598.5;0.0
3;50200;COCONUT;9953;200;;;;;9955;128;9956;72;;;9954.0;0.0
3;50300;COCONUT;9954;105;9953;76;;;9956;181;;;;;9955.0;0.0
3;50300;COCONUT_COUPON;598;30;;;;;599;30;;;;;598.5;0.0
3;50400;COCONUT_COUPON;599;44;;;;;600;44;;;;;599.5;0.0
3;50400;COCONUT;9955;139;9954;45;;;9957;184;;;;;9956.0;0.0
3;50500;COCONUT_COUPON;600;37;;;;;601;37;;;;;600.5;0.0
3;50500;COCONUT;9957;136;9956;56;;;9958;142;9959;56;;;9957.5;0.0
3;50600;COCONUT_COUPON;601;32;;;;;602;32;;;;;601.5;0.0
3;50600;COCONUT;9955;136;9954;70;;;9957;206;;;;;9956.0;0.0
3;50700;COCONUT;9956;102;9955;46;;;9957;102;9958;46;;;9956.5;0.0
3;50700;COCONUT_COUPON;600;39;;;;;601;39;;;;;600.5;0.0
3;50800;COCONUT_COUPON;601;40;;;;;602;40;;;;;601.5;0.0
3;50800;COCONUT;9956;149;;;;;9958;107;9959;42;;;9957.0;0.0
3;50900;COCONUT_COUPON;600;42;;;;;601;42;;;;;600.5;0.0
3;50900;COCONUT;9954;148;9953;80;;;9956;228;;;;;9955.0;0.0
3;51000;COCONUT_COUPON;598;46;;;;;599;46;;;;;598.5;0.0
3;51000;COCONUT;9953;109;9952;59;;;9954;109;9955;59;;;9953.5;0.0
3;51100;COCONUT;9954;168;;;;;9956;113;9957;55;;;9955.0;0.0
3;51100;COCONUT_COUPON;599;36;;;;;600;36;;;;;599.5;0.0
3;51200;COCONUT_COUPON;597;48;;;;;598;48;;;;;597.5;0.0
3;51200;COCONUT;9955;132;9954;58;;;9956;132;9957;58;;;9955.5;0.0
3;51300;COCONUT_COUPON;599;36;;;;;600;36;;;;;599.5;0.0
3;51300;COCONUT;9955;194;;;;;9957;120;9958;74;;;9956.0;0.0
3;51400;COCONUT_COUPON;599;44;;;;;601;44;;;;;600.0;0.0
3;51400;COCONUT;9956;168;;;;;9958;116;9959;52;;;9957.0;0.0
3;51500;COCONUT;9956;130;9955;68;;;9958;198;;;;;9957.0;0.0
3;51500;COCONUT_COUPON;600;37;;;;;601;37;;;;;600.5;0.0
3;51600;COCONUT_COUPON;601;40;;;;;602;40;;;;;601.5;0.0
3;51600;COCONUT;9958;117;9957;50;;;9960;167;;;;;9959.0;0.0
3;51700;COCONUT_COUPON;601;44;;;;;602;44;;;;;601.5;0.0
3;51700;COCONUT;9959;142;9958;60;;;9960;142;9961;60;;;9959.5;0.0
3;51800;COCONUT_COUPON;602;35;;;;;603;35;;;;;602.5;0.0
3;51800;COCONUT;9960;116;9959;71;;;9962;187;;;;;9961.0;0.0
3;51900;COCONUT;9961;105;9960;78;;;9963;183;;;;;9962.0;0.0
3;51900;COCONUT_COUPON;603;38;;;;;604;38;;;;;603.5;0.0
3;52000;COCONUT;9962;129;9961;67;;;9963;129;9964;67;;;9962.5;0.0
3;52000;COCONUT_COUPON;603;31;;;;;604;31;;;;;603.5;0.0
3;52100;COCONUT;9963;124;9962;49;;;9964;124;9965;49;;;9963.5;0.0
3;52100;COCONUT_COUPON;603;40;;;;;604;40;;;;;603.5;0.0
3;52200;COCONUT_COUPON;604;38;;;;;605;38;;;;;604.5;0.0
3;52200;COCONUT;9962;148;9961;61;;;9963;148;9964;61;;;9962.5;0.0
3;52300;COCONUT;9962;132;9961;53;;;9963;132;9964;53;;;9962.5;0.0
3;52300;COCONUT_COUPON;605;36;;;;;606;46;;;;;605.5;0.0
3;52400;COCONUT;9962;102;9961;78;;;9964;180;;;;;9963.0;0.0
3;52400;COCONUT_COUPON;603;30;;;;;604;30;;;;;603.5;0.0
3;52500;COCONUT;9961;126;9960;80;;;9963;206;;;;;9962.0;0.0
3;52500;COCONUT_COUPON;601;22;;;;;603;38;;;;;602.0;0.0
3;52600;COCONUT;9961;119;9960;59;;;9963;173;;;;;9962.0;0.0
3;52600;COCONUT_COUPON;601;29;;;;;603;29;;;;;602.0;0.0
3;52700;COCONUT_COUPON;600;33;;;;;601;33;;;;;600.5;0.0
3;52700;COCONUT;9961;149;9960;77;;;9963;226;;;;;9962.0;0.0
3;52800;COCONUT;9960;136;9959;70;;;9961;128;9962;70;;;9960.5;0.0
3;52800;COCONUT_COUPON;599;38;;;;;600;38;;;;;599.5;0.0
3;52900;COCONUT;9959;95;9958;52;;;9960;102;9961;52;;;9959.5;0.0
3;52900;COCONUT_COUPON;599;46;;;;;600;46;;;;;599.5;0.0
3;53000;COCONUT;9960;138;9959;57;;;9961;138;9962;57;;;9960.5;0.0
3;53000;COCONUT_COUPON;600;52;;;;;601;52;;;;;600.5;0.0
3;53100;COCONUT_COUPON;601;26;;;;;602;31;;;;;601.5;0.0
3;53100;COCONUT;9961;136;9960;40;;;9962;136;9963;40;;;9961.5;0.0
3;53200;COCONUT;9958;175;;;;;9960;135;9961;40;;;9959.0;0.0
3;53200;COCONUT_COUPON;599;17;;;;;600;34;;;;;599.5;0.0
3;53300;COCONUT;9956;132;9955;48;;;9957;138;9958;48;;;9956.5;0.0
3;53300;COCONUT_COUPON;597;38;;;;;598;38;;;;;597.5;0.0
3;53400;COCONUT;9956;108;9955;70;;;9958;178;;;;;9957.0;0.0
3;53400;COCONUT_COUPON;597;41;;;;;598;41;;;;;597.5;0.0
3;53500;COCONUT_COUPON;598;37;;;;;599;37;;;;;598.5;0.0
3;53500;COCONUT;9957;122;9956;49;;;9959;171;;;;;9958.0;0.0
3;53600;COCONUT;9958;143;9957;67;;;9960;210;;;;;9959.0;0.0
3;53600;COCONUT_COUPON;599;46;;;;;601;46;;;;;600.0;0.0
3;53700;COCONUT;9959;136;9958;63;;;9960;127;9961;63;;;9959.5;0.0
3;53700;COCONUT_COUPON;601;38;;;;;602;26;;;;;601.5;0.0
3;53800;COCONUT;9960;126;9959;67;;;9961;126;9962;67;;;9960.5;0.0
3;53800;COCONUT_COUPON;602;40;;;;;603;40;;;;;602.5;0.0
3;53900;COCONUT_COUPON;600;51;;;;;601;51;;;;;600.5;0.0
3;53900;COCONUT;9958;118;9957;53;;;9959;118;9960;53;;;9958.5;0.0
3;54000;COCONUT;9959;120;9958;64;;;9961;184;;;;;9960.0;0.0
3;54000;COCONUT_COUPON;601;45;;;;;602;45;;;;;601.5;0.0
3;54100;COCONUT;9959;115;9958;46;;;9960;115;9961;46;;;9959.5;0.0
3;54100;COCONUT_COUPON;599;37;;;;;600;37;;;;;599.5;0.0
3;54200;COCONUT;9960;101;9959;53;;;9961;101;9962;53;;;9960.5;0.0
3;54200;COCONUT_COUPON;600;27;;;;;602;27;;;;;601.0;0.0
3;54300;COCONUT_COUPON;601;43;;;;;603;43;;;;;602.0;0.0
3;54300;COCONUT;9960;128;9959;42;;;9962;177;;;;;9961.0;0.0
3;54400;COCONUT;9960;115;9959;42;;;9961;115;9962;42;;;9960.5;0.0
3;54400;COCONUT_COUPON;603;32;;;;;604;32;;;;;603.5;0.0
3;54500;COCONUT;9960;119;9959;73;;;9961;119;9962;73;;;9960.5;0.0
3;54500;COCONUT_COUPON;603;34;;;;;604;34;;;;;603.5;0.0
3;54600;COCONUT;9961;110;9960;59;;;9962;110;9963;59;;;9961.5;0.0
3;54600;COCONUT_COUPON;605;40;;;;;606;40;;;;;605.5;0.0
3;54700;COCONUT_COUPON;606;43;;;;;607;43;;;;;606.5;0.0
3;54700;COCONUT;9961;103;9960;66;;;9962;103;9963;66;;;9961.5;0.0
3;54800;COCONUT;9962;177;;;;;9964;177;;;;;9963.0;0.0
3;54800;COCONUT_COUPON;606;29;;;;;607;29;;;;;606.5;0.0
3;54900;COCONUT;9961;124;9960;80;;;9962;124;9963;80;;;9961.5;0.0
3;54900;COCONUT_COUPON;605;43;;;;;606;43;;;;;605.5;0.0
3;55000;COCONUT;9961;100;9960;63;;;9963;163;;;;;9962.0;0.0
3;55000;COCONUT_COUPON;607;40;;;;;608;40;;;;;607.5;0.0
3;55100;COCONUT_COUPON;608;18;;;;;609;32;;;;;608.5;0.0
3;55100;COCONUT;9961;103;9960;45;;;9963;148;;;;;9962.0;0.0
3;55200;COCONUT;9961;142;9960;71;;;9963;213;;;;;9962.0;0.0
3;55200;COCONUT_COUPON;608;29;;;;;609;29;;;;;608.5;0.0
3;55300;COCONUT;9961;108;9960;70;;;9962;108;9963;70;;;9961.5;0.0
3;55300;COCONUT_COUPON;607;46;;;;;608;46;;;;;607.5;0.0
3;55400;COCONUT;9961;114;9960;49;;;9962;114;9963;49;;;9961.5;0.0
3;55400;COCONUT_COUPON;606;10;605;39;;;607;40;;;;;606.5;0.0
3;55500;COCONUT_COUPON;608;1;607;36;;;609;37;;;;;608.5;0.0
3;55500;COCONUT;9960;98;9959;46;;;9961;104;9962;46;;;9960.5;0.0
3;55600;COCONUT;9959;212;;;;;9961;146;9962;66;;;9960.0;0.0
3;55600;COCONUT_COUPON;608;48;;;;;609;38;;;;;608.5;0.0
3;55700;COCONUT;9960;148;9959;67;;;9961;148;9962;67;;;9960.5;0.0
3;55700;COCONUT_COUPON;607;47;;;;;608;47;;;;;607.5;0.0
3;55800;COCONUT;9960;102;9959;43;;;9961;102;9962;43;;;9960.5;0.0
3;55800;COCONUT_COUPON;606;38;;;;;607;38;;;;;606.5;0.0
3;55900;COCONUT_COUPON;608;25;;;;;609;32;;;;;608.5;0.0
3;55900;COCONUT;9961;141;9960;70;;;9963;211;;;;;9962.0;0.0
3;56000;COCONUT;9960;106;9959;43;;;9961;106;9962;43;;;9960.5;0.0
3;56000;COCONUT_COUPON;605;36;;;;;606;36;;;;;605.5;0.0
3;56100;COCONUT;9958;146;9957;45;;;9959;137;9960;45;;;9958.5;0.0
3;56100;COCONUT_COUPON;603;39;;;;;604;39;;;;;603.5;0.0
3;56200;COCONUT;9958;111;9957;57;;;9959;111;9960;57;;;9958.5;0.0
3;56200;COCONUT_COUPON;604;27;;;;;605;27;;;;;604.5;0.0
3;56300;COCONUT_COUPON;603;35;;;;;604;35;;;;;603.5;0.0
3;56300;COCONUT;9959;125;9958;57;;;9960;125;9961;57;;;9959.5;0.0
3;56400;COCONUT;9959;153;;;;;9961;107;9962;46;;;9960.0;0.0
3;56400;COCONUT_COUPON;604;35;;;;;605;42;;;;;604.5;0.0
3;56500;COCONUT;9960;134;9959;62;;;9961;134;9962;62;;;9960.5;0.0
3;56500;COCONUT_COUPON;604;33;;;;;605;33;;;;;604.5;0.0
3;56600;COCONUT;9960;130;9959;77;;;9961;130;9962;77;;;9960.5;0.0
3;56600;COCONUT_COUPON;604;24;;;;;605;36;;;;;604.5;0.0
3;56700;COCONUT_COUPON;603;36;;;;;604;36;;;;;603.5;0.0
3;56700;COCONUT;9958;136;9957;43;;;9960;179;;;;;9959.0;0.0
3;56800;COCONUT_COUPON;604;34;;;;;605;34;;;;;604.5;0.0
3;56800;COCONUT;9958;147;9957;70;;;9960;217;;;;;9959.0;0.0
3;56900;COCONUT;9958;117;9957;42;;;9959;117;9960;42;;;9958.5;0.0
3;56900;COCONUT_COUPON;605;44;;;;;606;44;;;;;605.5;0.0
3;57000;COCONUT_COUPON;606;38;;;;;607;38;;;;;606.5;0.0
3;57000;COCONUT;9959;133;9958;76;;;9960;133;9961;76;;;9959.5;0.0
3;57100;COCONUT_COUPON;604;35;;;;;605;35;;;;;604.5;0.0
3;57100;COCONUT;9957;186;;;;;9959;131;9960;55;;;9958.0;0.0
3;57200;COCONUT_COUPON;603;28;;;;;604;28;;;;;603.5;0.0
3;57200;COCONUT;9958;137;9957;41;;;9959;137;9960;41;;;9958.5;0.0
3;57300;COCONUT;9958;150;9957;75;;;9959;150;9960;75;;;9958.5;0.0
3;57300;COCONUT_COUPON;602;35;;;;;603;35;;;;;602.5;0.0
3;57400;COCONUT_COUPON;602;34;;;;;603;34;;;;;602.5;0.0
3;57400;COCONUT;9956;149;9955;49;;;9958;198;;;;;9957.0;0.0
3;57500;COCONUT_COUPON;600;47;;;;;601;47;;;;;600.5;0.0
3;57500;COCONUT;9954;183;;;;;9956;138;9957;42;;;9955.0;0.0
3;57600;COCONUT_COUPON;601;31;;;;;603;31;;;;;602.0;0.0
3;57600;COCONUT;9955;105;9954;77;;;9957;182;;;;;9956.0;0.0
3;57700;COCONUT;9956;126;9955;80;;;9958;206;;;;;9957.0;0.0
3;57700;COCONUT_COUPON;602;31;;;;;603;11;604;20;;;602.5;0.0
3;57800;COCONUT_COUPON;602;15;;;;;603;35;;;;;602.5;0.0
3;57800;COCONUT;9955;138;9954;56;;;9957;194;;;;;9956.0;0.0
3;57900;COCONUT_COUPON;602;33;;;;;603;33;;;;;602.5;0.0
3;57900;COCONUT;9955;168;;;;;9957;115;9958;53;;;9956.0;0.0
3;58000;COCONUT_COUPON;601;30;;;;;602;30;;;;;601.5;0.0
3;58000;COCONUT;9954;115;9953;42;;;9955;115;9956;42;;;9954.5;0.0
3;58100;COCONUT;9952;181;;;;;9954;110;9955;71;;;9953.0;0.0
3;58100;COCONUT_COUPON;600;42;;;;;601;42;;;;;600.5;0.0
3;58200;COCONUT_COUPON;601;37;;;;;602;37;;;;;601.5;0.0
3;58200;COCONUT;9953;136;9952;65;;;9955;201;;;;;9954.0;0.0
3;58300;COCONUT_COUPON;603;37;;;;;604;43;;;;;603.5;0.0
3;58300;COCONUT;9954;160;;;;;9956;113;9957;47;;;9955.0;0.0
3;58400;COCONUT_COUPON;602;40;;;;;603;40;;;;;602.5;0.0
3;58400;COCONUT;9954;118;9953;72;;;9955;118;9956;72;;;9954.5;0.0
3;58500;COCONUT;9953;111;9952;76;;;9954;111;9955;76;;;9953.5;0.0
3;58500;COCONUT_COUPON;603;33;;;;;604;33;;;;;603.5;0.0
3;58600;COCONUT_COUPON;602;37;;;;;603;37;;;;;602.5;0.0
3;58600;COCONUT;9953;141;9952;67;;;9954;141;9955;67;;;9953.5;0.0
3;58700;COCONUT_COUPON;600;29;;;;;601;29;;;;;600.5;0.0
3;58700;COCONUT;9953;143;9952;51;;;9954;143;9955;51;;;9953.5;0.0
3;58800;COCONUT_COUPON;599;34;;;;;600;34;;;;;599.5;0.0
3;58800;COCONUT;9952;144;9951;47;;;9953;144;9954;47;;;9952.5;0.0
3;58900;COCONUT;9954;116;9953;64;;;9955;122;9956;64;;;9954.5;0.0
3;58900;COCONUT_COUPON;599;45;;;;;600;45;;;;;599.5;0.0
3;59000;COCONUT_COUPON;600;37;;;;;601;37;;;;;600.5;0.0
3;59000;COCONUT;9953;170;;;;;9955;109;9956;61;;;9954.0;0.0
3;59100;COCONUT_COUPON;599;35;;;;;600;35;;;;;599.5;0.0
3;59100;COCONUT;9954;114;9953;68;;;9955;114;9956;68;;;9954.5;0.0
3;59200;COCONUT_COUPON;599;34;;;;;600;34;;;;;599.5;0.0
3;59200;COCONUT;9953;165;;;;;9955;107;9956;58;;;9954.0;0.0
3;59300;COCONUT;9953;140;9952;73;;;9954;146;9955;73;;;9953.5;0.0
3;59300;COCONUT_COUPON;598;40;;;;;599;40;;;;;598.5;0.0
3;59400;COCONUT_COUPON;598;42;;;;;599;42;;;;;598.5;0.0
3;59400;COCONUT;9952;115;9951;68;;;9953;115;9954;68;;;9952.5;0.0
3;59500;COCONUT_COUPON;597;46;;;;;598;46;;;;;597.5;0.0
3;59500;COCONUT;9950;135;9949;46;;;9952;181;;;;;9951.0;0.0
3;59600;COCONUT_COUPON;596;33;;;;;598;33;;;;;597.0;0.0
3;59600;COCONUT;9950;142;9949;64;;;9951;142;9952;64;;;9950.5;0.0
3;59700;COCONUT;9950;107;9949;44;;;9952;151;;;;;9951.0;0.0
3;59700;COCONUT_COUPON;596;29;;;;;597;29;;;;;596.5;0.0
3;59800;COCONUT_COUPON;595;50;;;;;596;50;;;;;595.5;0.0
3;59800;COCONUT;9950;137;9949;73;;;9951;137;9952;73;;;9950.5;0.0
3;59900;COCONUT_COUPON;594;32;;;;;595;32;;;;;594.5;0.0
3;59900;COCONUT;9949;110;9948;80;;;9950;110;9951;80;;;9949.5;0.0
3;60000;COCONUT_COUPON;593;33;;;;;594;33;;;;;593.5;0.0
3;60000;COCONUT;9947;101;9946;60;;;9949;161;;;;;9948.0;0.0
3;60100;COCONUT;9949;207;;;;;9951;138;9952;69;;;9950.0;0.0
3;60100;COCONUT_COUPON;594;46;;;;;595;46;;;;;594.5;0.0
3;60200;COCONUT_COUPON;595;38;;;;;596;38;;;;;595.5;0.0
3;60200;COCONUT;9951;154;;;;;9953;108;9954;46;;;9952.0;0.0
3;60300;COCONUT_COUPON;594;35;;;;;595;35;;;;;594.5;0.0
3;60300;COCONUT;9951;149;9950;47;;;9953;196;;;;;9952.0;0.0
3;60400;COCONUT_COUPON;593;35;;;;;594;35;;;;;593.5;0.0
3;60400;COCONUT;9951;118;9950;56;;;9952;118;9953;56;;;9951.5;0.0
3;60500;COCONUT;9952;126;9951;67;;;9953;126;9954;67;;;9952.5;0.0
3;60500;COCONUT_COUPON;595;42;;;;;596;42;;;;;595.5;0.0
3;60600;COCONUT_COUPON;594;60;;;;;595;41;;;;;594.5;0.0
3;60600;COCONUT;9953;100;9952;49;;;9955;149;;;;;9954.0;0.0
3;60700;COCONUT_COUPON;597;42;;;;;598;42;;;;;597.5;0.0
3;60700;COCONUT;9954;177;;;;;9956;102;9957;75;;;9955.0;0.0
3;60800;COCONUT_COUPON;597;40;;;;;598;40;;;;;597.5;0.0
3;60800;COCONUT;9954;196;;;;;9956;121;9957;75;;;9955.0;0.0
3;60900;COCONUT;9955;117;9954;50;;;9956;117;9957;50;;;9955.5;0.0
3;60900;COCONUT_COUPON;597;34;;;;;599;34;;;;;598.0;0.0
3;61000;COCONUT;9954;139;9953;53;;;9955;139;9956;53;;;9954.5;0.0
3;61000;COCONUT_COUPON;596;41;;;;;597;41;;;;;596.5;0.0
3;61100;COCONUT;9954;120;9953;74;;;9955;120;9956;74;;;9954.5;0.0
3;61100;COCONUT_COUPON;595;43;;;;;596;43;;;;;595.5;0.0
3;61200;COCONUT_COUPON;596;41;;;;;597;41;;;;;596.5;0.0
3;61200;COCONUT;9953;126;9952;47;;;9954;120;9955;47;;;9953.5;0.0
3;61300;COCONUT_COUPON;597;37;;;;;599;37;;;;;598.0;0.0
3;61300;COCONUT;9954;123;9953;57;;;9955;123;9956;57;;;9954.5;0.0
3;61400;COCONUT;9955;112;9954;70;;;9956;112;9957;70;;;9955.5;0.0
3;61400;COCONUT_COUPON;599;48;;;;;600;48;;;;;599.5;0.0
3;61500;COCONUT;9954;212;;;;;9956;149;9957;63;;;9955.0;0.0
3;61500;COCONUT_COUPON;597;48;;;;;598;28;;;;;597.5;0.0
3;61600;COCONUT;9954;136;9953;68;;;9956;211;;;;;9955.0;0.0
3;61600;COCONUT_COUPON;596;35;;;;;597;35;;;;;596.5;0.0
3;61700;COCONUT_COUPON;595;29;;;;;596;29;;;;;595.5;0.0
3;61700;COCONUT;9954;101;9953;52;;;9955;101;9956;52;;;9954.5;0.0
3;61800;COCONUT;9954;117;9953;77;;;9956;194;;;;;9955.0;0.0
3;61800;COCONUT_COUPON;596;20;595;30;;;597;30;;;;;596.5;0.0
3;61900;COCONUT;9953;150;9952;76;;;9954;150;9955;76;;;9953.5;0.0
3;61900;COCONUT_COUPON;595;41;;;;;596;41;;;;;595.5;0.0
3;62000;COCONUT;9953;124;9952;69;;;9954;124;9955;69;;;9953.5;0.0
3;62000;COCONUT_COUPON;594;42;;;;;595;42;;;;;594.5;0.0
3;62100;COCONUT_COUPON;595;44;;;;;596;44;;;;;595.5;0.0
3;62100;COCONUT;9953;141;9952;51;;;9954;141;9955;51;;;9953.5;0.0
3;62200;COCONUT;9953;145;9952;77;;;9954;145;9955;77;;;9953.5;0.0
3;62200;COCONUT_COUPON;593;38;;;;;594;38;;;;;593.5;0.0
3;62300;COCONUT;9952;103;9951;65;;;9953;103;9954;65;;;9952.5;0.0
3;62300;COCONUT_COUPON;593;53;;;;;594;35;;;;;593.5;0.0
3;62400;COCONUT;9952;223;;;;;9954;145;9955;78;;;9953.0;0.0
3;62400;COCONUT_COUPON;594;45;;;;;595;45;;;;;594.5;0.0
3;62500;COCONUT_COUPON;593;30;;;;;595;30;;;;;594.0;0.0
3;62500;COCONUT;9952;154;;;;;9954;101;9955;53;;;9953.0;0.0
3;62600;COCONUT;9951;117;9950;55;;;9953;172;;;;;9952.0;0.0
3;62600;COCONUT_COUPON;593;34;;;;;594;34;;;;;593.5;0.0
3;62700;COCONUT;9952;105;9951;45;;;9953;105;9954;45;;;9952.5;0.0
3;62700;COCONUT_COUPON;594;31;;;;;595;31;;;;;594.5;0.0
3;62800;COCONUT;9952;144;9951;59;;;9953;144;9954;59;;;9952.5;0.0
3;62800;COCONUT_COUPON;592;39;;;;;593;39;;;;;592.5;0.0
3;62900;COCONUT_COUPON;592;53;;;;;593;42;;;;;592.5;0.0
3;62900;COCONUT;9950;137;9949;61;;;9952;191;;;;;9951.0;0.0
3;63000;COCONUT;9951;113;9950;56;;;9952;113;9953;56;;;9951.5;0.0
3;63000;COCONUT_COUPON;593;36;;;;;594;36;;;;;593.5;0.0
3;63100;COCONUT;9950;139;9949;60;;;9952;199;;;;;9951.0;0.0
3;63100;COCONUT_COUPON;594;42;;;;;595;42;;;;;594.5;0.0
3;63200;COCONUT;9950;140;9949;73;;;9951;140;9952;73;;;9950.5;0.0
3;63200;COCONUT_COUPON;595;42;;;;;596;42;;;;;595.5;0.0
3;63300;COCONUT_COUPON;597;39;;;;;598;39;;;;;597.5;0.0
3;63300;COCONUT;9950;124;9949;42;;;9951;124;9952;42;;;9950.5;0.0
3;63400;COCONUT;9950;141;9949;59;;;9952;200;;;;;9951.0;0.0
3;63400;COCONUT_COUPON;597;45;;;;;599;45;;;;;598.0;0.0
3;63500;COCONUT;9951;115;9950;45;;;9952;115;9953;45;;;9951.5;0.0
3;63500;COCONUT_COUPON;598;40;;;;;600;40;;;;;599.0;0.0
3;63600;COCONUT;9950;102;9949;78;;;9952;180;;;;;9951.0;0.0
3;63600;COCONUT_COUPON;597;22;;;;;598;31;;;;;597.5;0.0
3;63700;COCONUT_COUPON;597;35;;;;;598;35;;;;;597.5;0.0
3;63700;COCONUT;9951;134;9950;79;;;9952;134;9953;79;;;9951.5;0.0
3;63800;COCONUT;9951;107;9950;56;;;9953;163;;;;;9952.0;0.0
3;63800;COCONUT_COUPON;599;35;;;;;601;35;;;;;600.0;0.0
3;63900;COCONUT;9951;126;9950;54;;;9953;180;;;;;9952.0;0.0
3;63900;COCONUT_COUPON;599;35;;;;;600;35;;;;;599.5;0.0
3;64000;COCONUT;9951;174;;;;;9953;129;9954;45;;;9952.0;0.0
3;64000;COCONUT_COUPON;601;46;;;;;602;46;;;;;601.5;0.0
3;64100;COCONUT_COUPON;601;43;;;;;602;43;;;;;601.5;0.0
3;64100;COCONUT;9952;123;9951;80;;;9953;123;9954;80;;;9952.5;0.0
3;64200;COCONUT;9951;180;;;;;9953;100;9954;80;;;9952.0;0.0
3;64200;COCONUT_COUPON;600;35;;;;;601;35;;;;;600.5;0.0
3;64300;COCONUT;9951;142;9950;54;;;9952;142;9953;54;;;9951.5;0.0
3;64300;COCONUT_COUPON;599;58;;;;;600;38;;;;;599.5;0.0
3;64400;COCONUT;9951;115;9950;78;;;9953;193;;;;;9952.0;0.0
3;64400;COCONUT_COUPON;598;42;;;;;600;42;;;;;599.0;0.0
3;64500;COCONUT_COUPON;599;37;;;;;600;37;;;;;599.5;0.0
3;64500;COCONUT;9952;124;9951;75;;;9953;133;9954;75;;;9952.5;0.0
3;64600;COCONUT;9951;108;9950;68;;;9952;108;9953;68;;;9951.5;0.0
3;64600;COCONUT_COUPON;600;56;;;;;601;40;;;;;600.5;0.0
3;64700;COCONUT;9950;220;;;;;9952;144;9953;76;;;9951.0;0.0
3;64700;COCONUT_COUPON;598;26;;;;;599;26;;;;;598.5;0.0
3;64800;COCONUT;9951;142;9950;79;;;9953;221;;;;;9952.0;0.0
3;64800;COCONUT_COUPON;597;32;;;;;598;32;;;;;597.5;0.0
3;64900;COCONUT_COUPON;597;45;;;;;598;45;;;;;597.5;0.0
3;64900;COCONUT;9951;144;9950;78;;;9953;222;;;;;9952.0;0.0
3;65000;COCONUT;9953;143;9952;68;;;9954;143;9955;68;;;9953.5;0.0
3;65000;COCONUT_COUPON;597;34;;;;;598;34;;;;;597.5;0.0
3;65100;COCONUT;9954;195;;;;;9956;131;9957;64;;;9955.0;0.0
3;65100;COCONUT_COUPON;598;27;;;;;599;27;;;;;598.5;0.0
3;65200;COCONUT;9952;168;;;;;9954;102;9955;66;;;9953.0;0.0
3;65200;COCONUT_COUPON;596;37;;;;;597;37;;;;;596.5;0.0
3;65300;COCONUT_COUPON;595;19;;;;;596;29;;;;;595.5;0.0
3;65300;COCONUT;9953;101;9952;45;;;9954;101;9955;45;;;9953.5;0.0
3;65400;COCONUT;9953;118;9952;60;;;9954;118;9955;60;;;9953.5;0.0
3;65400;COCONUT_COUPON;595;40;;;;;596;40;;;;;595.5;0.0
3;65500;COCONUT;9951;134;9950;62;;;9952;128;9953;62;;;9951.5;0.0
3;65500;COCONUT_COUPON;594;27;;;;;595;27;;;;;594.5;0.0
3;65600;COCONUT;9950;2;9949;126;9948;73;9951;199;;;;;9950.5;0.0
3;65600;COCONUT_COUPON;593;47;;;;;594;47;;;;;593.5;0.0
3;65700;COCONUT_COUPON;592;38;;;;;593;38;;;;;592.5;0.0
3;65700;COCONUT;9947;178;;;;;9949;138;9950;40;;;9948.0;0.0
3;65800;COCONUT_COUPON;593;37;;;;;594;37;;;;;593.5;0.0
3;65800;COCONUT;9948;191;;;;;9949;10;9950;124;9951;67;9948.5;0.0
3;65900;COCONUT;9950;110;9949;47;;;9951;110;9952;47;;;9950.5;0.0
3;65900;COCONUT_COUPON;593;32;;;;;594;32;;;;;593.5;0.0
3;66000;COCONUT_COUPON;592;34;;;;;593;34;;;;;592.5;0.0
3;66000;COCONUT;9950;105;9949;43;;;9951;105;9952;43;;;9950.5;0.0
3;66100;COCONUT_COUPON;593;31;;;;;594;31;;;;;593.5;0.0
3;66100;COCONUT;9951;137;9950;45;;;9952;137;9953;45;;;9951.5;0.0
3;66200;COCONUT_COUPON;592;33;;;;;594;33;;;;;593.0;0.0
3;66200;COCONUT;9951;103;9950;70;;;9952;103;9953;70;;;9951.5;0.0
3;66300;COCONUT;9952;116;9951;78;;;9953;116;9954;78;;;9952.5;0.0
3;66300;COCONUT_COUPON;592;34;;;;;593;14;594;34;;;592.5;0.0
3;66400;COCONUT_COUPON;594;35;;;;;595;35;;;;;594.5;0.0
3;66400;COCONUT;9952;125;9951;76;;;9953;125;9954;76;;;9952.5;0.0
3;66500;COCONUT_COUPON;594;45;;;;;595;45;;;;;594.5;0.0
3;66500;COCONUT;9950;106;9949;52;;;9951;106;9952;52;;;9950.5;0.0
3;66600;COCONUT_COUPON;592;38;;;;;594;38;;;;;593.0;0.0
3;66600;COCONUT;9949;143;9948;65;;;9950;143;9951;65;;;9949.5;0.0
3;66700;COCONUT;9950;135;9949;47;;;9951;135;9952;47;;;9950.5;0.0
3;66700;COCONUT_COUPON;592;46;;;;;593;46;;;;;592.5;0.0
3;66800;COCONUT_COUPON;590;45;;;;;592;45;;;;;591.0;0.0
3;66800;COCONUT;9950;183;;;;;9952;110;9953;73;;;9951.0;0.0
3;66900;COCONUT_COUPON;591;27;;;;;592;43;;;;;591.5;0.0
3;66900;COCONUT;9952;113;9951;71;;;9953;113;9954;71;;;9952.5;0.0
3;67000;COCONUT_COUPON;592;42;;;;;593;42;;;;;592.5;0.0
3;67000;COCONUT;9952;112;9951;64;;;9954;176;;;;;9953.0;0.0
3;67100;COCONUT;9953;110;9952;73;;;9955;183;;;;;9954.0;0.0
3;67100;COCONUT_COUPON;592;44;;;;;594;44;;;;;593.0;0.0
3;67200;COCONUT_COUPON;593;44;;;;;594;44;;;;;593.5;0.0
3;67200;COCONUT;9953;140;9952;59;;;9954;140;9955;59;;;9953.5;0.0
3;67300;COCONUT_COUPON;592;36;;;;;593;36;;;;;592.5;0.0
3;67300;COCONUT;9953;138;9952;40;;;9954;138;9955;40;;;9953.5;0.0
3;67400;COCONUT_COUPON;591;34;;;;;592;34;;;;;591.5;0.0
3;67400;COCONUT;9952;187;;;;;9954;143;9955;44;;;9953.0;0.0
3;67500;COCONUT;9952;129;9951;60;;;9954;189;;;;;9953.0;0.0
3;67500;COCONUT_COUPON;592;41;;;;;593;41;;;;;592.5;0.0
3;67600;COCONUT_COUPON;592;34;;;;;593;34;;;;;592.5;0.0
3;67600;COCONUT;9951;125;9950;59;;;9952;125;9953;59;;;9951.5;0.0
3;67700;COCONUT_COUPON;593;34;;;;;595;34;;;;;594.0;0.0
3;67700;COCONUT;9951;183;;;;;9953;125;9954;58;;;9952.0;0.0
3;67800;COCONUT_COUPON;594;35;;;;;595;35;;;;;594.5;0.0
3;67800;COCONUT;9951;227;;;;;9953;149;9954;78;;;9952.0;0.0
3;67900;COCONUT;9951;139;9950;69;;;9952;139;9953;69;;;9951.5;0.0
3;67900;COCONUT_COUPON;593;34;;;;;594;34;;;;;593.5;0.0
3;68000;COCONUT_COUPON;595;34;;;;;596;34;;;;;595.5;0.0
3;68000;COCONUT;9950;147;;;;;9952;100;9953;47;;;9951.0;0.0
3;68100;COCONUT_COUPON;595;36;;;;;596;36;;;;;595.5;0.0
3;68100;COCONUT;9950;131;9949;74;;;9951;131;9952;74;;;9950.5;0.0
3;68200;COCONUT_COUPON;596;50;;;;;597;50;;;;;596.5;0.0
3;68200;COCONUT;9950;113;9949;70;;;9952;183;;;;;9951.0;0.0
3;68300;COCONUT;9950;193;;;;;9952;145;9953;48;;;9951.0;0.0
3;68300;COCONUT_COUPON;597;32;;;;;598;32;;;;;597.5;0.0
3;68400;COCONUT_COUPON;597;41;;;;;598;41;;;;;597.5;0.0
3;68400;COCONUT;9949;118;9948;73;;;9950;118;9951;73;;;9949.5;0.0
3;68500;COCONUT_COUPON;596;42;;;;;597;42;;;;;596.5;0.0
3;68500;COCONUT;9947;117;9946;51;;;9949;168;;;;;9948.0;0.0
3;68600;COCONUT_COUPON;597;30;;;;;598;30;;;;;597.5;0.0
3;68600;COCONUT;9947;143;9946;49;;;9949;192;;;;;9948.0;0.0
3;68700;COCONUT;9949;143;9948;78;;;9951;211;;;;;9950.0;0.0
3;68700;COCONUT_COUPON;599;30;;;;;600;30;;;;;599.5;0.0
3;68800;COCONUT_COUPON;600;47;;;;;601;47;;;;;600.5;0.0
3;68800;COCONUT;9950;129;9949;68;;;9951;129;9952;68;;;9950.5;0.0
3;68900;COCONUT_COUPON;601;2;600;33;;;602;35;;;;;601.5;0.0
3;68900;COCONUT;9950;105;9949;73;;;9951;105;9952;73;;;9950.5;0.0
3;69000;COCONUT_COUPON;600;29;;;;;601;29;;;;;600.5;0.0
3;69000;COCONUT;9950;143;9949;63;;;9952;206;;;;;9951.0;0.0
3;69100;COCONUT;9951;103;9950;51;;;9952;103;9953;51;;;9951.5;0.0
3;69100;COCONUT_COUPON;599;48;;;;;600;48;;;;;599.5;0.0
3;69200;COCONUT_COUPON;600;47;;;;;602;47;;;;;601.0;0.0
3;69200;COCONUT;9950;106;9949;64;;;9952;170;;;;;9951.0;0.0
3;69300;COCONUT_COUPON;599;28;;;;;600;28;;;;;599.5;0.0
3;69300;COCONUT;9951;137;9950;53;;;9952;137;9953;53;;;9951.5;0.0
3;69400;COCONUT_COUPON;600;45;;;;;602;45;;;;;601.0;0.0
3;69400;COCONUT;9951;113;9950;46;;;9953;159;;;;;9952.0;0.0
3;69500;COCONUT;9952;171;;;;;9954;110;9955;61;;;9953.0;0.0
3;69500;COCONUT_COUPON;602;41;;;;;603;41;;;;;602.5;0.0
3;69600;COCONUT;9951;134;9950;48;;;9952;134;9953;48;;;9951.5;0.0
3;69600;COCONUT_COUPON;600;43;;;;;601;43;;;;;600.5;0.0
3;69700;COCONUT;9950;108;9949;65;;;9951;108;9952;65;;;9950.5;0.0
3;69700;COCONUT_COUPON;599;38;;;;;600;38;;;;;599.5;0.0
3;69800;COCONUT_COUPON;600;44;;;;;601;44;;;;;600.5;0.0
3;69800;COCONUT;9950;111;9949;70;;;9952;181;;;;;9951.0;0.0
3;69900;COCONUT;9947;147;;;;;9949;103;9950;44;;;9948.0;0.0
3;69900;COCONUT_COUPON;597;48;;;;;598;48;;;;;597.5;0.0
3;70000;COCONUT;9946;128;9945;60;;;9948;188;;;;;9947.0;0.0
3;70000;COCONUT_COUPON;597;41;;;;;598;41;;;;;597.5;0.0
3;70100;COCONUT;9946;141;9945;44;;;9947;146;9948;44;;;9946.5;0.0
3;70100;COCONUT_COUPON;595;61;;;;;596;46;;;;;595.5;0.0
3;70200;COCONUT;9946;8;9945;183;;;9947;126;9948;57;;;9946.5;0.0
3;70200;COCONUT_COUPON;595;45;;;;;596;40;;;;;595.5;0.0
3;70300;COCONUT_COUPON;594;37;;;;;595;37;;;;;594.5;0.0
3;70300;COCONUT;9945;213;;;;;9947;138;9948;77;;;9946.0;0.0
3;70400;COCONUT;9945;116;9944;74;;;9946;116;9947;74;;;9945.5;0.0
3;70400;COCONUT_COUPON;594;41;;;;;595;41;;;;;594.5;0.0
3;70500;COCONUT;9943;102;9942;59;;;9945;161;;;;;9944.0;0.0
3;70500;COCONUT_COUPON;592;41;;;;;593;41;;;;;592.5;0.0
3;70600;COCONUT;9943;144;9942;47;;;9944;144;9945;47;;;9943.5;0.0
3;70600;COCONUT_COUPON;594;20;;;;;595;39;;;;;594.5;0.0
3;70700;COCONUT_COUPON;597;42;;;;;598;42;;;;;597.5;0.0
3;70700;COCONUT;9943;135;9942;63;;;9944;135;9945;63;;;9943.5;0.0
3;70800;COCONUT;9944;171;;;;;9945;7;9946;124;9947;47;9944.5;0.0
3;70800;COCONUT_COUPON;598;38;;;;;599;38;;;;;598.5;0.0
3;70900;COCONUT;9945;119;9944;80;;;9946;119;9947;80;;;9945.5;0.0
3;70900;COCONUT_COUPON;600;40;;;;;601;40;;;;;600.5;0.0
3;71000;COCONUT;9943;127;9942;68;;;9944;127;9945;68;;;9943.5;0.0
3;71000;COCONUT_COUPON;598;46;;;;;599;46;;;;;598.5;0.0
3;71100;COCONUT_COUPON;596;30;;;;;597;30;;;;;596.5;0.0
3;71100;COCONUT;9942;109;9941;57;;;9944;166;;;;;9943.0;0.0
3;71200;COCONUT;9943;132;9942;62;;;9944;132;9945;62;;;9943.5;0.0
3;71200;COCONUT_COUPON;595;44;;;;;596;44;;;;;595.5;0.0
3;71300;COCONUT;9941;138;9940;60;;;9943;204;;;;;9942.0;0.0
3;71300;COCONUT_COUPON;595;57;;;;;596;44;;;;;595.5;0.0
3;71400;COCONUT;9940;101;9939;77;;;9941;101;9942;77;;;9940.5;0.0
3;71400;COCONUT_COUPON;595;33;;;;;596;33;;;;;595.5;0.0
3;71500;COCONUT_COUPON;594;60;;;;;595;44;;;;;594.5;0.0
3;71500;COCONUT;9939;119;9938;54;;;9941;173;;;;;9940.0;0.0
3;71600;COCONUT;9938;134;9937;56;;;9940;190;;;;;9939.0;0.0
3;71600;COCONUT_COUPON;593;31;;;;;594;31;;;;;593.5;0.0
3;71700;COCONUT;9937;102;9936;45;;;9939;147;;;;;9938.0;0.0
3;71700;COCONUT_COUPON;592;39;;;;;593;39;;;;;592.5;0.0
3;71800;COCONUT;9935;203;;;;;9937;146;9938;57;;;9936.0;0.0
3;71800;COCONUT_COUPON;591;36;;;;;592;36;;;;;591.5;0.0
3;71900;COCONUT_COUPON;589;31;;;;;590;31;;;;;589.5;0.0
3;71900;COCONUT;9936;197;;;;;9938;136;9939;61;;;9937.0;0.0
3;72000;COCONUT;9936;146;9935;42;;;9937;146;9938;42;;;9936.5;0.0
3;72000;COCONUT_COUPON;587;36;;;;;589;36;;;;;588.0;0.0
3;72100;COCONUT;9936;114;9935;43;;;9938;157;;;;;9937.0;0.0
3;72100;COCONUT_COUPON;589;55;;;;;590;42;;;;;589.5;0.0
3;72200;COCONUT;9935;145;9934;70;;;9937;215;;;;;9936.0;0.0
3;72200;COCONUT_COUPON;588;43;;;;;589;43;;;;;588.5;0.0
3;72300;COCONUT_COUPON;589;33;;;;;591;33;;;;;590.0;0.0
3;72300;COCONUT;9937;142;9936;49;;;9938;134;9939;49;;;9937.5;0.0
3;72400;COCONUT;9936;130;9935;69;;;9937;130;9938;69;;;9936.5;0.0
3;72400;COCONUT_COUPON;590;39;;;;;591;39;;;;;590.5;0.0
3;72500;COCONUT;9936;104;9935;40;;;9938;144;;;;;9937.0;0.0
3;72500;COCONUT_COUPON;591;40;;;;;592;40;;;;;591.5;0.0
3;72600;COCONUT;9938;99;9937;63;;;9939;108;9940;63;;;9938.5;0.0
3;72600;COCONUT_COUPON;592;35;;;;;593;35;;;;;592.5;0.0
3;72700;COCONUT_COUPON;591;30;;;;;592;30;;;;;591.5;0.0
3;72700;COCONUT;9938;176;;;;;9940;106;9941;70;;;9939.0;0.0
3;72800;COCONUT;9940;126;9939;69;;;9941;126;9942;69;;;9940.5;0.0
3;72800;COCONUT_COUPON;591;46;;;;;592;46;;;;;591.5;0.0
3;72900;COCONUT;9938;181;;;;;9940;111;9941;70;;;9939.0;0.0
3;72900;COCONUT_COUPON;591;49;;;;;592;49;;;;;591.5;0.0
3;73000;COCONUT;9941;132;9940;80;;;9942;132;9943;80;;;9941.5;0.0
3;73000;COCONUT_COUPON;592;45;;;;;593;45;;;;;592.5;0.0
3;73100;COCONUT_COUPON;592;34;;;;;593;34;;;;;592.5;0.0
3;73100;COCONUT;9942;138;9941;58;;;9943;138;9944;58;;;9942.5;0.0
3;73200;COCONUT;9942;119;9941;46;;;9943;119;9944;46;;;9942.5;0.0
3;73200;COCONUT_COUPON;593;46;;;;;594;46;;;;;593.5;0.0
3;73300;COCONUT;9942;110;9941;64;;;9944;174;;;;;9943.0;0.0
3;73300;COCONUT_COUPON;595;30;;;;;596;36;;;;;595.5;0.0
3;73400;COCONUT;9944;109;9943;46;;;9945;109;9946;46;;;9944.5;0.0
3;73400;COCONUT_COUPON;594;34;;;;;595;34;;;;;594.5;0.0
3;73500;COCONUT_COUPON;594;28;;;;;595;38;;;;;594.5;0.0
3;73500;COCONUT;9944;144;9943;73;;;9945;144;9946;73;;;9944.5;0.0
3;73600;COCONUT;9943;93;9942;78;;;9944;103;9945;78;;;9943.5;0.0
3;73600;COCONUT_COUPON;593;39;;;;;594;13;595;26;;;593.5;0.0
3;73700;COCONUT;9943;121;9942;58;;;9945;179;;;;;9944.0;0.0
3;73700;COCONUT_COUPON;593;43;;;;;594;43;;;;;593.5;0.0
3;73800;COCONUT;9944;115;9943;79;;;9945;115;9946;79;;;9944.5;0.0
3;73800;COCONUT_COUPON;594;40;;;;;595;40;;;;;594.5;0.0
3;73900;COCONUT_COUPON;593;37;;;;;594;37;;;;;593.5;0.0
3;73900;COCONUT;9944;132;9943;48;;;9945;132;9946;48;;;9944.5;0.0
3;74000;COCONUT;9942;168;;;;;9944;113;9945;55;;;9943.0;0.0
3;74000;COCONUT_COUPON;593;48;;;;;594;48;;;;;593.5;0.0
3;74100;COCONUT;9942;10;9941;171;;;9943;116;9944;55;;;9942.5;0.0
3;74100;COCONUT_COUPON;593;46;;;;;594;38;;;;;593.5;0.0
3;74200;COCONUT;9941;138;9940;46;;;9942;138;9943;46;;;9941.5;0.0
3;74200;COCONUT_COUPON;592;43;;;;;593;36;;;;;592.5;0.0
3;74300;COCONUT_COUPON;590;39;;;;;592;39;;;;;591.0;0.0
3;74300;COCONUT;9939;135;9938;57;;;9940;135;9941;57;;;9939.5;0.0
3;74400;COCONUT;9938;192;;;;;9940;138;9941;54;;;9939.0;0.0
3;74400;COCONUT_COUPON;590;31;;;;;591;31;;;;;590.5;0.0
3;74500;COCONUT;9938;179;;;;;9940;131;9941;48;;;9939.0;0.0
3;74500;COCONUT_COUPON;589;50;;;;;590;50;;;;;589.5;0.0
3;74600;COCONUT_COUPON;590;29;;;;;591;29;;;;;590.5;0.0
3;74600;COCONUT;9940;114;9939;46;;;9941;114;9942;46;;;9940.5;0.0
3;74700;COCONUT_COUPON;590;31;;;;;591;39;;;;;590.5;0.0
3;74700;COCONUT;9940;149;9939;46;;;9941;149;9942;46;;;9940.5;0.0
3;74800;COCONUT_COUPON;590;42;;;;;591;42;;;;;590.5;0.0
3;74800;COCONUT;9939;147;9938;79;;;9940;147;9941;79;;;9939.5;0.0
3;74900;COCONUT;9938;188;;;;;9940;118;9941;70;;;9939.0;0.0
3;74900;COCONUT_COUPON;589;35;;;;;590;35;;;;;589.5;0.0
3;75000;COCONUT_COUPON;589;37;;;;;590;37;;;;;589.5;0.0
3;75000;COCONUT;9938;116;9937;56;;;9939;116;9940;56;;;9938.5;0.0
3;75100;COCONUT_COUPON;589;46;;;;;590;35;;;;;589.5;0.0
3;75100;COCONUT;9936;182;;;;;9938;105;9939;77;;;9937.0;0.0
3;75200;COCONUT_COUPON;589;47;;;;;590;47;;;;;589.5;0.0
3;75200;COCONUT;9938;106;9937;57;;;9939;106;9940;57;;;9938.5;0.0
3;75300;COCONUT;9940;106;9939;71;;;9941;106;9942;71;;;9940.5;0.0
3;75300;COCONUT_COUPON;590;33;;;;;591;33;;;;;590.5;0.0
3;75400;COCONUT_COUPON;590;47;;;;;591;47;;;;;590.5;0.0
3;75400;COCONUT;9939;139;9938;42;;;9941;181;;;;;9940.0;0.0
3;75500;COCONUT_COUPON;591;45;;;;;592;45;;;;;591.5;0.0
3;75500;COCONUT;9940;143;9939;49;;;9941;143;9942;49;;;9940.5;0.0
3;75600;COCONUT_COUPON;591;34;;;;;592;34;;;;;591.5;0.0
3;75600;COCONUT;9941;125;9940;72;;;9942;116;9943;72;;;9941.5;0.0
3;75700;COCONUT;9940;172;;;;;9942;100;9943;72;;;9941.0;0.0
3;75700;COCONUT_COUPON;591;38;;;;;592;38;;;;;591.5;0.0
3;75800;COCONUT_COUPON;589;29;;;;;590;29;;;;;589.5;0.0
3;75800;COCONUT;9941;132;9940;53;;;9942;132;9943;53;;;9941.5;0.0
3;75900;COCONUT_COUPON;590;48;;;;;592;48;;;;;591.0;0.0
3;75900;COCONUT;9943;100;9942;59;;;9944;100;9945;59;;;9943.5;0.0
3;76000;COCONUT_COUPON;590;36;;;;;591;13;592;23;;;590.5;0.0
3;76000;COCONUT;9943;102;9942;45;;;9944;102;9945;45;;;9943.5;0.0
3;76100;COCONUT;9943;190;;;;;9945;138;9946;52;;;9944.0;0.0
3;76100;COCONUT_COUPON;591;46;;;;;592;46;;;;;591.5;0.0
3;76200;COCONUT_COUPON;591;38;;;;;592;38;;;;;591.5;0.0
3;76200;COCONUT;9943;147;9942;60;;;9944;147;9945;60;;;9943.5;0.0
3;76300;COCONUT_COUPON;591;37;;;;;592;1;593;36;;;591.5;0.0
3;76300;COCONUT;9943;138;9942;78;;;9944;138;9945;78;;;9943.5;0.0
3;76400;COCONUT_COUPON;591;35;;;;;592;35;;;;;591.5;0.0
3;76400;COCONUT;9943;114;9942;56;;;9944;114;9945;56;;;9943.5;0.0
3;76500;COCONUT;9941;209;;;;;9943;150;9944;59;;;9942.0;0.0
3;76500;COCONUT_COUPON;588;39;;;;;589;39;;;;;588.5;0.0
3;76600;COCONUT_COUPON;589;43;;;;;590;43;;;;;589.5;0.0
3;76600;COCONUT;9941;121;9940;48;;;9943;169;;;;;9942.0;0.0
3;76700;COCONUT_COUPON;590;42;;;;;591;42;;;;;590.5;0.0
3;76700;COCONUT;9941;142;9940;52;;;9942;142;9943;52;;;9941.5;0.0
3;76800;COCONUT_COUPON;589;43;;;;;590;43;;;;;589.5;0.0
3;76800;COCONUT;9940;195;;;;;9942;195;;;;;9941.0;0.0
3;76900;COCONUT;9939;142;9938;78;;;9940;142;9941;78;;;9939.5;0.0
3;76900;COCONUT_COUPON;589;35;;;;;590;35;;;;;589.5;0.0
3;77000;COCONUT_COUPON;591;40;;;;;592;40;;;;;591.5;0.0
3;77000;COCONUT;9939;130;9938;49;;;9940;130;9941;49;;;9939.5;0.0
3;77100;COCONUT_COUPON;589;31;;;;;590;31;;;;;589.5;0.0
3;77100;COCONUT;9937;127;9936;75;;;9938;127;9939;75;;;9937.5;0.0
3;77200;COCONUT_COUPON;589;51;;;;;591;51;;;;;590.0;0.0
3;77200;COCONUT;9936;192;;;;;9938;133;9939;59;;;9937.0;0.0
3;77300;COCONUT;9935;128;9934;57;;;9936;123;9937;57;;;9935.5;0.0
3;77300;COCONUT_COUPON;589;40;;;;;590;40;;;;;589.5;0.0
3;77400;COCONUT_COUPON;587;44;;;;;588;44;;;;;587.5;0.0
3;77400;COCONUT;9933;218;;;;;9935;149;9936;69;;;9934.0;0.0
3;77500;COCONUT_COUPON;587;26;;;;;588;37;;;;;587.5;0.0
3;77500;COCONUT;9933;115;9932;57;;;9935;165;;;;;9934.0;0.0
3;77600;COCONUT_COUPON;589;44;;;;;590;44;;;;;589.5;0.0
3;77600;COCONUT;9933;144;9932;45;;;9934;144;9935;45;;;9933.5;0.0
3;77700;COCONUT;9933;216;;;;;9935;139;9936;77;;;9934.0;0.0
3;77700;COCONUT_COUPON;586;42;;;;;588;42;;;;;587.0;0.0
3;77800;COCONUT_COUPON;586;40;;;;;587;40;;;;;586.5;0.0
3;77800;COCONUT;9933;124;9932;47;;;9934;124;9935;47;;;9933.5;0.0
3;77900;COCONUT_COUPON;584;35;;;;;585;35;;;;;584.5;0.0
3;77900;COCONUT;9929;207;;;;;9931;150;9932;57;;;9930.0;0.0
3;78000;COCONUT_COUPON;584;42;;;;;585;42;;;;;584.5;0.0
3;78000;COCONUT;9930;102;9929;73;;;9931;102;9932;73;;;9930.5;0.0
3;78100;COCONUT;9930;184;;;;;9932;143;9933;41;;;9931.0;0.0
3;78100;COCONUT_COUPON;584;40;;;;;585;40;;;;;584.5;0.0
3;78200;COCONUT_COUPON;584;42;;;;;585;42;;;;;584.5;0.0
3;78200;COCONUT;9930;177;;;;;9932;129;9933;48;;;9931.0;0.0
3;78300;COCONUT_COUPON;585;34;;;;;586;34;;;;;585.5;0.0
3;78300;COCONUT;9931;191;;;;;9933;114;9934;77;;;9932.0;0.0
3;78400;COCONUT_COUPON;586;44;;;;;587;44;;;;;586.5;0.0
3;78400;COCONUT;9931;166;;;;;9933;124;9934;42;;;9932.0;0.0
3;78500;COCONUT;9933;107;9932;68;;;9934;107;9935;68;;;9933.5;0.0
3;78500;COCONUT_COUPON;587;47;;;;;588;43;;;;;587.5;0.0
3;78600;COCONUT;9932;186;;;;;9934;119;9935;67;;;9933.0;0.0
3;78600;COCONUT_COUPON;586;40;;;;;587;16;588;24;;;586.5;0.0
3;78700;COCONUT;9932;103;9931;43;;;9933;103;9934;43;;;9932.5;0.0
3;78700;COCONUT_COUPON;585;38;;;;;586;38;;;;;585.5;0.0
3;78800;COCONUT_COUPON;587;29;;;;;588;29;;;;;587.5;0.0
3;78800;COCONUT;9932;123;9931;43;;;9934;166;;;;;9933.0;0.0
3;78900;COCONUT;9934;163;;;;;9936;107;9937;56;;;9935.0;0.0
3;78900;COCONUT_COUPON;588;46;;;;;589;46;;;;;588.5;0.0
3;79000;COCONUT;9935;133;9934;76;;;9936;133;9937;76;;;9935.5;0.0
3;79000;COCONUT_COUPON;589;38;;;;;590;38;;;;;589.5;0.0
3;79100;COCONUT;9934;148;;;;;9936;102;9937;46;;;9935.0;0.0
3;79100;COCONUT_COUPON;590;38;;;;;591;38;;;;;590.5;0.0
3;79200;COCONUT;9934;143;9933;64;;;9936;207;;;;;9935.0;0.0
3;79200;COCONUT_COUPON;590;50;;;;;591;50;;;;;590.5;0.0
3;79300;COCONUT_COUPON;591;20;;;;;592;33;;;;;591.5;0.0
3;79300;COCONUT;9936;9;9935;222;;;9937;144;9938;78;;;9936.5;0.0
3;79400;COCONUT;9934;181;;;;;9936;119;9937;62;;;9935.0;0.0
3;79400;COCONUT_COUPON;591;38;;;;;592;38;;;;;591.5;0.0
3;79500;COCONUT;9933;129;9932;46;;;9934;129;9935;46;;;9933.5;0.0
3;79500;COCONUT_COUPON;590;43;;;;;591;43;;;;;590.5;0.0
3;79600;COCONUT;9933;211;;;;;9935;132;9936;79;;;9934.0;0.0
3;79600;COCONUT_COUPON;589;36;;;;;591;36;;;;;590.0;0.0
3;79700;COCONUT_COUPON;591;52;;;;;592;38;;;;;591.5;0.0
3;79700;COCONUT;9935;212;;;;;9937;144;9938;68;;;9936.0;0.0
3;79800;COCONUT;9936;143;9935;42;;;9937;133;9938;42;;;9936.5;0.0
3;79800;COCONUT_COUPON;592;34;;;;;593;34;;;;;592.5;0.0
3;79900;COCONUT;9936;204;;;;;9938;149;9939;55;;;9937.0;0.0
3;79900;COCONUT_COUPON;592;19;;;;;593;36;;;;;592.5;0.0
3;80000;COCONUT;9936;166;;;;;9938;115;9939;51;;;9937.0;0.0
3;80000;COCONUT_COUPON;593;40;;;;;594;40;;;;;593.5;0.0
3;80100;COCONUT_COUPON;595;6;594;31;;;596;44;;;;;595.5;0.0
3;80100;COCONUT;9938;133;9937;53;;;9939;133;9940;53;;;9938.5;0.0
3;80200;COCONUT;9939;113;9938;59;;;9940;113;9941;59;;;9939.5;0.0
3;80200;COCONUT_COUPON;594;44;;;;;595;44;;;;;594.5;0.0
3;80300;COCONUT;9937;142;;;;;9939;101;9940;41;;;9938.0;0.0
3;80300;COCONUT_COUPON;594;17;;;;;595;28;;;;;594.5;0.0
3;80400;COCONUT;9937;103;9936;62;;;9938;103;9939;62;;;9937.5;0.0
3;80400;COCONUT_COUPON;593;40;;;;;594;40;;;;;593.5;0.0
3;80500;COCONUT_COUPON;590;39;;;;;591;39;;;;;590.5;0.0
3;80500;COCONUT;9936;101;9935;61;;;9937;101;9938;61;;;9936.5;0.0
3;80600;COCONUT;9936;100;9935;72;;;9937;100;9938;72;;;9936.5;0.0
3;80600;COCONUT_COUPON;591;49;;;;;592;49;;;;;591.5;0.0
3;80700;COCONUT;9935;130;9934;50;;;9936;130;9937;50;;;9935.5;0.0
3;80700;COCONUT_COUPON;589;31;;;;;590;31;;;;;589.5;0.0
3;80800;COCONUT;9934;101;9933;79;;;9936;180;;;;;9935.0;0.0
3;80800;COCONUT_COUPON;589;46;;;;;590;46;;;;;589.5;0.0
3;80900;COCONUT_COUPON;588;34;;;;;589;34;;;;;588.5;0.0
3;80900;COCONUT;9934;140;9933;68;;;9935;140;9936;68;;;9934.5;0.0
3;81000;COCONUT;9933;180;;;;;9935;100;9936;80;;;9934.0;0.0
3;81000;COCONUT_COUPON;588;42;;;;;589;42;;;;;588.5;0.0
3;81100;COCONUT;9935;139;9934;67;;;9936;139;9937;67;;;9935.5;0.0
3;81100;COCONUT_COUPON;589;36;;;;;590;36;;;;;589.5;0.0
3;81200;COCONUT;9935;185;;;;;9937;106;9938;79;;;9936.0;0.0
3;81200;COCONUT_COUPON;589;40;;;;;590;40;;;;;589.5;0.0
3;81300;COCONUT_COUPON;589;39;;;;;590;39;;;;;589.5;0.0
3;81300;COCONUT;9935;205;;;;;9937;128;9938;77;;;9936.0;0.0
3;81400;COCONUT;9934;141;9933;75;;;9935;140;9936;75;;;9934.5;0.0
3;81400;COCONUT_COUPON;589;34;;;;;590;34;;;;;589.5;0.0
3;81500;COCONUT;9934;183;;;;;9936;134;9937;49;;;9935.0;0.0
3;81500;COCONUT_COUPON;589;40;;;;;590;40;;;;;589.5;0.0
3;81600;COCONUT;9935;141;9934;72;;;9936;141;9937;72;;;9935.5;0.0
3;81600;COCONUT_COUPON;587;35;;;;;589;35;;;;;588.0;0.0
3;81700;COCONUT_COUPON;588;44;;;;;589;44;;;;;588.5;0.0
3;81700;COCONUT;9936;148;9935;40;;;9937;148;9938;40;;;9936.5;0.0
3;81800;COCONUT;9938;115;9937;63;;;9939;115;9940;63;;;9938.5;0.0
3;81800;COCONUT_COUPON;590;31;;;;;591;31;;;;;590.5;0.0
3;81900;COCONUT;9938;124;9937;55;;;9940;179;;;;;9939.0;0.0
3;81900;COCONUT_COUPON;591;53;;;;;592;33;;;;;591.5;0.0
3;82000;COCONUT;9938;141;9937;56;;;9939;136;9940;56;;;9938.5;0.0
3;82000;COCONUT_COUPON;591;42;;;;;592;42;;;;;591.5;0.0
3;82100;COCONUT_COUPON;591;50;;;;;592;43;;;;;591.5;0.0
3;82100;COCONUT;9938;120;9937;65;;;9940;185;;;;;9939.0;0.0
3;82200;COCONUT;9938;119;9937;78;;;9939;119;9940;78;;;9938.5;0.0
3;82200;COCONUT_COUPON;591;44;;;;;592;44;;;;;591.5;0.0
3;82300;COCONUT;9938;128;9937;45;;;9939;128;9940;45;;;9938.5;0.0
3;82300;COCONUT_COUPON;591;41;;;;;592;41;;;;;591.5;0.0
3;82400;COCONUT;9938;138;9937;63;;;9939;138;9940;63;;;9938.5;0.0
3;82400;COCONUT_COUPON;592;37;;;;;593;37;;;;;592.5;0.0
3;82500;COCONUT_COUPON;592;38;;;;;593;38;;;;;592.5;0.0
3;82500;COCONUT;9937;174;;;;;9939;174;;;;;9938.0;0.0
3;82600;COCONUT;9937;193;;;;;9939;145;9940;48;;;9938.0;0.0
3;82600;COCONUT_COUPON;593;38;;;;;594;38;;;;;593.5;0.0
3;82700;COCONUT;9937;152;;;;;9939;152;;;;;9938.0;0.0
3;82700;COCONUT_COUPON;594;43;;;;;595;43;;;;;594.5;0.0
3;82800;COCONUT;9940;150;9939;70;;;9941;150;9942;70;;;9940.5;0.0
3;82800;COCONUT_COUPON;596;38;;;;;597;2;598;36;;;596.5;0.0
3;82900;COCONUT_COUPON;595;50;;;;;596;50;;;;;595.5;0.0
3;82900;COCONUT;9940;102;9939;69;;;9941;102;9942;69;;;9940.5;0.0
3;83000;COCONUT;9942;119;9941;60;;;9944;179;;;;;9943.0;0.0
3;83000;COCONUT_COUPON;596;60;;;;;598;44;;;;;597.0;0.0
3;83100;COCONUT;9942;111;9941;68;;;9943;111;9944;68;;;9942.5;0.0
3;83100;COCONUT_COUPON;594;35;;;;;595;35;;;;;594.5;0.0
3;83200;COCONUT;9942;138;9941;56;;;9943;138;9944;56;;;9942.5;0.0
3;83200;COCONUT_COUPON;592;43;;;;;593;17;594;43;;;592.5;0.0
3;83300;COCONUT_COUPON;593;38;;;;;595;38;;;;;594.0;0.0
3;83300;COCONUT;9942;123;9941;48;;;9943;123;9944;48;;;9942.5;0.0
3;83400;COCONUT;9943;137;9942;65;;;9944;137;9945;65;;;9943.5;0.0
3;83400;COCONUT_COUPON;594;46;;;;;595;46;;;;;594.5;0.0
3;83500;COCONUT;9944;113;9943;63;;;9946;171;;;;;9945.0;0.0
3;83500;COCONUT_COUPON;595;34;;;;;596;46;;;;;595.5;0.0
3;83600;COCONUT_COUPON;596;2;595;34;;;597;36;;;;;596.5;0.0
3;83600;COCONUT;9945;127;9944;69;;;9946;127;9947;69;;;9945.5;0.0
3;83700;COCONUT_COUPON;596;38;;;;;597;38;;;;;596.5;0.0
3;83700;COCONUT;9944;124;9943;78;;;9946;202;;;;;9945.0;0.0
3;83800;COCONUT_COUPON;598;35;;;;;599;35;;;;;598.5;0.0
3;83800;COCONUT;9945;100;9944;43;;;9947;143;;;;;9946.0;0.0
3;83900;COCONUT;9946;102;9945;46;;;9947;102;9948;46;;;9946.5;0.0
3;83900;COCONUT_COUPON;598;36;;;;;599;1;600;35;;;598.5;0.0
3;84000;COCONUT_COUPON;598;23;;;;;599;39;;;;;598.5;0.0
3;84000;COCONUT;9946;118;9945;53;;;9947;118;9948;53;;;9946.5;0.0
3;84100;COCONUT_COUPON;596;29;;;;;597;29;;;;;596.5;0.0
3;84100;COCONUT;9945;198;;;;;9947;150;9948;48;;;9946.0;0.0
3;84200;COCONUT_COUPON;597;50;;;;;598;35;;;;;597.5;0.0
3;84200;COCONUT;9946;144;9945;48;;;9948;192;;;;;9947.0;0.0
3;84300;COCONUT;9946;106;9945;65;;;9947;106;9948;65;;;9946.5;0.0
3;84300;COCONUT_COUPON;598;41;;;;;599;41;;;;;598.5;0.0
3;84400;COCONUT_COUPON;596;39;;;;;597;39;;;;;596.5;0.0
3;84400;COCONUT;9945;108;9944;43;;;9946;108;9947;43;;;9945.5;0.0
3;84500;COCONUT_COUPON;597;31;;;;;598;31;;;;;597.5;0.0
3;84500;COCONUT;9945;131;9944;41;;;9946;131;9947;41;;;9945.5;0.0
3;84600;COCONUT_COUPON;596;46;;;;;597;46;;;;;596.5;0.0
3;84600;COCONUT;9945;116;9944;76;;;9946;116;9947;76;;;9945.5;0.0
3;84700;COCONUT;9944;157;9943;41;;;9945;149;9946;41;;;9944.5;0.0
3;84700;COCONUT_COUPON;594;34;;;;;595;34;;;;;594.5;0.0
3;84800;COCONUT_COUPON;595;41;;;;;596;41;;;;;595.5;0.0
3;84800;COCONUT;9944;213;;;;;9946;142;9947;71;;;9945.0;0.0
3;84900;COCONUT_COUPON;597;45;;;;;598;45;;;;;597.5;0.0
3;84900;COCONUT;9943;114;9942;53;;;9945;167;;;;;9944.0;0.0
3;85000;COCONUT_COUPON;595;36;;;;;596;36;;;;;595.5;0.0
3;85000;COCONUT;9943;224;;;;;9945;146;9946;78;;;9944.0;0.0
3;85100;COCONUT;9943;112;9942;44;;;9945;156;;;;;9944.0;0.0
3;85100;COCONUT_COUPON;596;41;;;;;597;41;;;;;596.5;0.0
3;85200;COCONUT_COUPON;595;36;;;;;596;36;;;;;595.5;0.0
