day;timestamp;product;bid_price_1;bid_volume_1;bid_price_2;bid_volume_2;bid_price_3;bid_volume_3;ask_price_1;ask_volume_1;ask_price_2;ask_volume_2;ask_price_3;ask_volume_3;mid_price;profit_and_loss
2;0;COCONUT;10135;150;10134;64;;;10136;150;10137;64;;;10135.5;0.0
2;0;COCONUT_COUPON;682;38;;;;;683;38;;;;;682.5;0.0
2;100;COCONUT_COUPON;681;19;680;20;;;682;39;;;;;681.5;0.0
2;100;COCONUT;10134;150;;;;;10136;106;10137;44;;;10135.0;0.0
2;200;COCONUT;10135;136;10134;55;;;10136;136;10137;55;;;10135.5;0.0
2;200;COCONUT_COUPON;681;35;;;;;682;35;;;;;681.5;0.0
2;300;COCONUT;10134;168;;;;;10136;107;10137;61;;;10135.0;0.0
2;300;COCONUT_COUPON;682;34;;;;;683;34;;;;;682.5;0.0
2;400;COCONUT;10133;127;10132;54;;;10134;127;10135;54;;;10133.5;0.0
2;400;COCONUT_COUPON;682;46;;;;;683;46;;;;;682.5;0.0
2;500;COCONUT_COUPON;684;34;;;;;685;34;;;;;684.5;0.0
2;500;COCONUT;10133;196;;;;;10135;120;10136;76;;;10134.0;0.0
2;600;COCONUT;10133;142;10132;57;;;10135;199;;;;;10134.0;0.0
2;600;COCONUT_COUPON;683;49;;;;;685;37;;;;;684.0;0.0
2;700;COCONUT;10132;161;;;;;10134;116;10135;45;;;10133.0;0.0
2;700;COCONUT_COUPON;682;30;;;;;684;30;;;;;683.0;0.0
2;800;COCONUT;10133;121;10132;70;;;10135;191;;;;;10134.0;0.0
2;800;COCONUT_COUPON;684;39;;;;;685;39;;;;;684.5;0.0
2;900;COCONUT_COUPON;683;38;;;;;684;38;;;;;683.5;0.0
2;900;COCONUT;10133;130;10132;45;;;10134;130;10135;45;;;10133.5;0.0
2;1000;COCONUT;10132;138;10131;63;;;10133;138;10134;63;;;10132.5;0.0
2;1000;COCONUT_COUPON;682;50;;;;;683;20;684;30;;;682.5;0.0
2;1100;COCONUT;10133;112;10132;50;;;10134;112;10135;50;;;10133.5;0.0
2;1100;COCONUT_COUPON;682;48;;;;;683;48;;;;;682.5;0.0
2;1200;COCONUT;10133;115;10132;71;;;10135;186;;;;;10134.0;0.0
2;1200;COCONUT_COUPON;681;33;;;;;682;33;;;;;681.5;0.0
2;1300;COCONUT_COUPON;681;27;;;;;682;27;;;;;681.5;0.0
2;1300;COCONUT;10132;119;10131;67;;;10133;119;10134;67;;;10132.5;0.0
2;1400;COCONUT;10131;139;10130;43;;;10133;182;;;;;10132.0;0.0
2;1400;COCONUT_COUPON;682;41;;;;;683;41;;;;;682.5;0.0
2;1500;COCONUT;10132;184;;;;;10134;111;10135;73;;;10133.0;0.0
2;1500;COCONUT_COUPON;683;44;;;;;684;44;;;;;683.5;0.0
2;1600;COCONUT;10132;105;10131;66;;;10133;105;10134;66;;;10132.5;0.0
2;1600;COCONUT_COUPON;682;42;;;;;683;42;;;;;682.5;0.0
2;1700;COCONUT_COUPON;682;58;;;;;683;47;;;;;682.5;0.0
2;1700;COCONUT;10130;121;10129;42;;;10132;163;;;;;10131.0;0.0
2;1800;COCONUT;10129;163;;;;;10131;101;10132;62;;;10130.0;0.0
2;1800;COCONUT_COUPON;682;32;;;;;684;32;;;;;683.0;0.0
2;1900;COCONUT;10128;154;10127;72;;;10129;146;10130;72;;;10128.5;0.0
2;1900;COCONUT_COUPON;680;43;;;;;681;43;;;;;680.5;0.0
2;2000;COCONUT;10128;135;10127;42;;;10129;135;10130;42;;;10128.5;0.0
2;2000;COCONUT_COUPON;680;33;;;;;681;28;;;;;680.5;0.0
2;2100;COCONUT_COUPON;680;31;;;;;682;31;;;;;681.0;0.0
2;2100;COCONUT;10127;102;10126;51;;;10129;153;;;;;10128.0;0.0
2;2200;COCONUT;10128;107;10127;46;;;10129;107;10130;46;;;10128.5;0.0
2;2200;COCONUT_COUPON;679;33;;;;;681;33;;;;;680.0;0.0
2;2300;COCONUT;10128;121;10127;43;;;10129;121;10130;43;;;10128.5;0.0
2;2300;COCONUT_COUPON;679;57;;;;;681;45;;;;;680.0;0.0
2;2400;COCONUT;10128;133;10127;45;;;10130;178;;;;;10129.0;0.0
2;2400;COCONUT_COUPON;678;45;;;;;679;45;;;;;678.5;0.0
2;2500;COCONUT_COUPON;678;29;;;;;679;29;;;;;678.5;0.0
2;2500;COCONUT;10127;199;;;;;10129;124;10130;75;;;10128.0;0.0
2;2600;COCONUT;10128;130;10127;41;;;10129;130;10130;41;;;10128.5;0.0
2;2600;COCONUT_COUPON;678;36;;;;;679;36;;;;;678.5;0.0
2;2700;COCONUT;10127;179;;;;;10129;108;10130;71;;;10128.0;0.0
2;2700;COCONUT_COUPON;679;41;;;;;680;41;;;;;679.5;0.0
2;2800;COCONUT;10126;147;10125;68;;;10127;147;10128;68;;;10126.5;0.0
2;2800;COCONUT_COUPON;678;34;;;;;680;34;;;;;679.0;0.0
2;2900;COCONUT_COUPON;679;43;;;;;680;43;;;;;679.5;0.0
2;2900;COCONUT;10125;129;10124;61;;;10127;190;;;;;10126.0;0.0
2;3000;COCONUT;10126;147;10125;68;;;10128;215;;;;;10127.0;0.0
2;3000;COCONUT_COUPON;678;28;;;;;679;28;;;;;678.5;0.0
2;3100;COCONUT;10125;127;10124;60;;;10127;187;;;;;10126.0;0.0
2;3100;COCONUT_COUPON;678;33;;;;;679;33;;;;;678.5;0.0
2;3200;COCONUT;10125;146;10124;60;;;10126;146;10127;60;;;10125.5;0.0
2;3200;COCONUT_COUPON;677;42;;;;;678;42;;;;;677.5;0.0
2;3300;COCONUT_COUPON;678;42;;;;;679;42;;;;;678.5;0.0
2;3300;COCONUT;10124;137;10123;80;;;10125;137;10126;80;;;10124.5;0.0
2;3400;COCONUT;10124;130;10123;70;;;10126;200;;;;;10125.0;0.0
2;3400;COCONUT_COUPON;678;42;;;;;679;42;;;;;678.5;0.0
2;3500;COCONUT;10122;103;10121;40;;;10123;103;10124;40;;;10122.5;0.0
2;3500;COCONUT_COUPON;677;24;;;;;678;44;;;;;677.5;0.0
2;3600;COCONUT_COUPON;677;38;;;;;678;38;;;;;677.5;0.0
2;3600;COCONUT;10122;150;10121;77;;;10124;227;;;;;10123.0;0.0
2;3700;COCONUT_COUPON;676;32;;;;;677;32;;;;;676.5;0.0
2;3700;COCONUT;10120;207;;;;;10122;139;10123;68;;;10121.0;0.0
2;3800;COCONUT_COUPON;675;37;;;;;676;37;;;;;675.5;0.0
2;3800;COCONUT;10119;106;10118;55;;;10121;161;;;;;10120.0;0.0
2;3900;COCONUT;10120;147;10119;50;;;10121;147;10122;50;;;10120.5;0.0
2;3900;COCONUT_COUPON;676;36;;;;;677;36;;;;;676.5;0.0
2;4000;COCONUT_COUPON;677;55;;;;;678;40;;;;;677.5;0.0
2;4000;COCONUT;10122;123;10121;42;;;10123;123;10124;42;;;10122.5;0.0
2;4100;COCONUT_COUPON;678;38;;;;;679;31;;;;;678.5;0.0
2;4100;COCONUT;10121;103;10120;78;;;10122;103;10123;78;;;10121.5;0.0
2;4200;COCONUT_COUPON;675;31;;;;;677;38;;;;;676.0;0.0
2;4200;COCONUT;10119;180;;;;;10121;136;10122;44;;;10120.0;0.0
2;4300;COCONUT;10120;129;10119;46;;;10121;129;10122;46;;;10120.5;0.0
2;4300;COCONUT_COUPON;676;43;;;;;677;43;;;;;676.5;0.0
2;4400;COCONUT_COUPON;677;46;;;;;678;46;;;;;677.5;0.0
2;4400;COCONUT;10119;194;;;;;10121;114;10122;80;;;10120.0;0.0
2;4500;COCONUT_COUPON;676;29;;;;;677;29;;;;;676.5;0.0
2;4500;COCONUT;10118;103;10117;43;;;10120;146;;;;;10119.0;0.0
2;4600;COCONUT_COUPON;676;41;;;;;678;41;;;;;677.0;0.0
2;4600;COCONUT;10120;125;10119;59;;;10121;125;10122;59;;;10120.5;0.0
2;4700;COCONUT;10120;133;10119;70;;;10121;133;10122;70;;;10120.5;0.0
2;4700;COCONUT_COUPON;676;41;;;;;677;41;;;;;676.5;0.0
2;4800;COCONUT_COUPON;678;38;;;;;679;38;;;;;678.5;0.0
2;4800;COCONUT;10120;111;10119;78;;;10122;189;;;;;10121.0;0.0
2;4900;COCONUT_COUPON;678;39;;;;;679;39;;;;;678.5;0.0
2;4900;COCONUT;10119;137;10118;43;;;10120;137;10121;43;;;10119.5;0.0
2;5000;COCONUT_COUPON;681;44;;;;;682;44;;;;;681.5;0.0
2;5000;COCONUT;10119;188;;;;;10121;146;10122;42;;;10120.0;0.0
2;5100;COCONUT;10117;120;10116;73;;;10118;120;10119;73;;;10117.5;0.0
2;5100;COCONUT_COUPON;680;41;;;;;681;41;;;;;680.5;0.0
2;5200;COCONUT_COUPON;680;38;;;;;682;38;;;;;681.0;0.0
2;5200;COCONUT;10118;112;10117;42;;;10120;154;;;;;10119.0;0.0
2;5300;COCONUT_COUPON;681;38;;;;;682;38;;;;;681.5;0.0
2;5300;COCONUT;10119;137;10118;46;;;10121;183;;;;;10120.0;0.0
2;5400;COCONUT_COUPON;681;41;;;;;682;41;;;;;681.5;0.0
2;5400;COCONUT;10120;102;10119;45;;;10121;109;10122;45;;;10120.5;0.0
2;5500;COCONUT;10120;108;10119;80;;;10121;108;10122;80;;;10120.5;0.0
2;5500;COCONUT_COUPON;682;40;;;;;684;40;;;;;683.0;0.0
2;5600;COCONUT_COUPON;683;38;;;;;684;38;;;;;683.5;0.0
2;5600;COCONUT;10120;170;;;;;10122;100;10123;70;;;10121.0;0.0
2;5700;COCONUT_COUPON;684;39;;;;;685;39;;;;;684.5;0.0
2;5700;COCONUT;10120;172;;;;;10122;108;10123;64;;;10121.0;0.0
2;5800;COCONUT_COUPON;682;38;;;;;684;38;;;;;683.0;0.0
2;5800;COCONUT;10120;103;10119;47;;;10121;103;10122;47;;;10120.5;0.0
2;5900;COCONUT;10118;116;10117;72;;;10120;188;;;;;10119.0;0.0
2;5900;COCONUT_COUPON;681;42;;;;;682;42;;;;;681.5;0.0
2;6000;COCONUT_COUPON;682;43;;;;;683;43;;;;;682.5;0.0
2;6000;COCONUT;10119;106;10118;55;;;10120;106;10121;55;;;10119.5;0.0
2;6100;COCONUT_COUPON;682;30;;;;;683;30;;;;;682.5;0.0
2;6100;COCONUT;10118;171;;;;;10119;10;10120;112;10121;59;10118.5;0.0
2;6200;COCONUT_COUPON;682;57;;;;;683;42;;;;;682.5;0.0
2;6200;COCONUT;10117;146;10116;76;;;10119;222;;;;;10118.0;0.0
2;6300;COCONUT;10117;133;10116;52;;;10118;133;10119;52;;;10117.5;0.0
2;6300;COCONUT_COUPON;682;45;;;;;683;45;;;;;682.5;0.0
2;6400;COCONUT_COUPON;681;48;;;;;682;48;;;;;681.5;0.0
2;6400;COCONUT;10116;112;10115;78;;;10117;112;10118;78;;;10116.5;0.0
2;6500;COCONUT_COUPON;680;31;;;;;681;31;;;;;680.5;0.0
2;6500;COCONUT;10116;130;10115;41;;;10118;171;;;;;10117.0;0.0
2;6600;COCONUT_COUPON;681;41;;;;;682;41;;;;;681.5;0.0
2;6600;COCONUT;10116;141;10115;68;;;10118;209;;;;;10117.0;0.0
2;6700;COCONUT;10117;109;10116;77;;;10118;109;10119;77;;;10117.5;0.0
2;6700;COCONUT_COUPON;681;38;;;;;682;38;;;;;681.5;0.0
2;6800;COCONUT_COUPON;681;46;;;;;682;46;;;;;681.5;0.0
2;6800;COCONUT;10117;193;;;;;10119;142;10120;51;;;10118.0;0.0
2;6900;COCONUT_COUPON;683;16;682;20;;;684;36;;;;;683.5;0.0
2;6900;COCONUT;10117;105;10116;43;;;10118;105;10119;43;;;10117.5;0.0
2;7000;COCONUT_COUPON;681;41;;;;;682;41;;;;;681.5;0.0
2;7000;COCONUT;10117;120;10116;76;;;10118;120;10119;76;;;10117.5;0.0
2;7100;COCONUT;10117;124;10116;65;;;10118;124;10119;65;;;10117.5;0.0
2;7100;COCONUT_COUPON;681;45;;;;;682;38;;;;;681.5;0.0
2;7200;COCONUT_COUPON;681;38;;;;;682;27;;;;;681.5;0.0
2;7200;COCONUT;10116;198;;;;;10118;128;10119;70;;;10117.0;0.0
2;7300;COCONUT_COUPON;682;37;;;;;683;37;;;;;682.5;0.0
2;7300;COCONUT;10117;111;10116;71;;;10118;111;10119;71;;;10117.5;0.0
2;7400;COCONUT_COUPON;682;37;;;;;683;37;;;;;682.5;0.0
2;7400;COCONUT;10118;114;10117;71;;;10120;185;;;;;10119.0;0.0
2;7500;COCONUT;10118;113;10117;56;;;10119;113;10120;56;;;10118.5;0.0
2;7500;COCONUT_COUPON;681;26;;;;;682;26;;;;;681.5;0.0
2;7600;COCONUT;10119;149;10118;59;;;10120;149;10121;59;;;10119.5;0.0
2;7600;COCONUT_COUPON;681;26;;;;;682;39;;;;;681.5;0.0
2;7700;COCONUT;10117;178;;;;;10119;134;10120;44;;;10118.0;0.0
2;7700;COCONUT_COUPON;680;36;;;;;681;36;;;;;680.5;0.0
2;7800;COCONUT_COUPON;678;22;;;;;679;27;;;;;678.5;0.0
2;7800;COCONUT;10115;176;;;;;10117;106;10118;70;;;10116.0;0.0
2;7900;COCONUT;10116;110;10115;56;;;10117;110;10118;56;;;10116.5;0.0
2;7900;COCONUT_COUPON;678;32;;;;;679;32;;;;;678.5;0.0
2;8000;COCONUT;10116;175;;;;;10118;126;10119;49;;;10117.0;0.0
2;8000;COCONUT_COUPON;677;47;;;;;678;47;;;;;677.5;0.0
2;8100;COCONUT;10117;116;10116;76;;;10118;116;10119;76;;;10117.5;0.0
2;8100;COCONUT_COUPON;678;27;;;;;679;27;;;;;678.5;0.0
2;8200;COCONUT;10116;149;;;;;10118;109;10119;40;;;10117.0;0.0
2;8200;COCONUT_COUPON;679;43;;;;;680;43;;;;;679.5;0.0
2;8300;COCONUT_COUPON;679;51;;;;;680;45;;;;;679.5;0.0
2;8300;COCONUT;10117;7;10116;193;;;10118;131;10119;62;;;10117.5;0.0
2;8400;COCONUT;10117;143;10116;58;;;10118;143;10119;58;;;10117.5;0.0
2;8400;COCONUT_COUPON;679;33;;;;;680;33;;;;;679.5;0.0
2;8500;COCONUT;10116;146;10115;63;;;10118;209;;;;;10117.0;0.0
2;8500;COCONUT_COUPON;679;29;;;;;680;29;;;;;679.5;0.0
2;8600;COCONUT;10115;101;10114;68;;;10116;101;10117;68;;;10115.5;0.0
2;8600;COCONUT_COUPON;678;34;;;;;679;34;;;;;678.5;0.0
2;8700;COCONUT_COUPON;679;40;;;;;680;40;;;;;679.5;0.0
2;8700;COCONUT;10113;181;;;;;10115;124;10116;57;;;10114.0;0.0
2;8800;COCONUT;10113;117;10112;40;;;10115;157;;;;;10114.0;0.0
2;8800;COCONUT_COUPON;681;35;;;;;682;35;;;;;681.5;0.0
2;8900;COCONUT;10112;213;;;;;10114;140;10115;73;;;10113.0;0.0
2;8900;COCONUT_COUPON;682;29;;;;;683;29;;;;;682.5;0.0
2;9000;COCONUT;10113;101;10112;57;;;10114;101;10115;57;;;10113.5;0.0
2;9000;COCONUT_COUPON;683;48;;;;;684;48;;;;;683.5;0.0
2;9100;COCONUT_COUPON;682;36;;;;;683;36;;;;;682.5;0.0
2;9100;COCONUT;10113;143;10112;78;;;10114;143;10115;78;;;10113.5;0.0
2;9200;COCONUT;10112;140;10111;61;;;10113;139;10114;61;;;10112.5;0.0
2;9200;COCONUT_COUPON;680;46;;;;;681;46;;;;;680.5;0.0
2;9300;COCONUT;10111;140;10110;52;;;10112;135;10113;52;;;10111.5;0.0
2;9300;COCONUT_COUPON;679;44;;;;;680;44;;;;;679.5;0.0
2;9400;COCONUT;10110;144;10109;48;;;10111;144;10112;48;;;10110.5;0.0
2;9400;COCONUT_COUPON;678;22;;;;;679;36;;;;;678.5;0.0
2;9500;COCONUT_COUPON;680;32;;;;;681;32;;;;;680.5;0.0
2;9500;COCONUT;10109;123;10108;76;;;10111;199;;;;;10110.0;0.0
2;9600;COCONUT;10108;173;;;;;10110;121;10111;52;;;10109.0;0.0
2;9600;COCONUT_COUPON;680;30;;;;;681;30;;;;;680.5;0.0
2;9700;COCONUT;10108;205;;;;;10110;150;10111;55;;;10109.0;0.0
2;9700;COCONUT_COUPON;679;45;;;;;680;45;;;;;679.5;0.0
2;9800;COCONUT;10108;101;10107;65;;;10109;101;10110;65;;;10108.5;0.0
2;9800;COCONUT_COUPON;679;41;;;;;680;41;;;;;679.5;0.0
2;9900;COCONUT_COUPON;681;2;680;48;;;682;50;;;;;681.5;0.0
2;9900;COCONUT;10109;143;10108;52;;;10110;143;10111;52;;;10109.5;0.0
2;10000;COCONUT;10107;135;10106;61;;;10109;196;;;;;10108.0;0.0
2;10000;COCONUT_COUPON;678;43;;;;;679;43;;;;;678.5;0.0
2;10100;COCONUT;10107;126;10106;77;;;10108;126;10109;77;;;10107.5;0.0
2;10100;COCONUT_COUPON;677;38;;;;;679;38;;;;;678.0;0.0
2;10200;COCONUT;10107;105;10106;40;;;10108;105;10109;40;;;10107.5;0.0
2;10200;COCONUT_COUPON;679;51;;;;;680;51;;;;;679.5;0.0
2;10300;COCONUT_COUPON;678;45;;;;;680;45;;;;;679.0;0.0
2;10300;COCONUT;10106;183;;;;;10108;104;10109;79;;;10107.0;0.0
2;10400;COCONUT;10106;159;10105;63;;;10107;149;10108;63;;;10106.5;0.0
2;10400;COCONUT_COUPON;680;37;;;;;681;37;;;;;680.5;0.0
2;10500;COCONUT;10104;105;10103;58;;;10106;163;;;;;10105.0;0.0
2;10500;COCONUT_COUPON;678;42;;;;;679;42;;;;;678.5;0.0
2;10600;COCONUT;10104;115;10103;43;;;10105;115;10106;43;;;10104.5;0.0
2;10600;COCONUT_COUPON;679;36;;;;;680;36;;;;;679.5;0.0
2;10700;COCONUT_COUPON;680;40;;;;;681;40;;;;;680.5;0.0
2;10700;COCONUT;10104;112;10103;78;;;10105;112;10106;78;;;10104.5;0.0
2;10800;COCONUT;10103;105;10102;64;;;10105;169;;;;;10104.0;0.0
2;10800;COCONUT_COUPON;680;48;;;;;681;48;;;;;680.5;0.0
2;10900;COCONUT;10103;148;10102;40;;;10104;148;10105;40;;;10103.5;0.0
2;10900;COCONUT_COUPON;680;39;;;;;681;39;;;;;680.5;0.0
2;11000;COCONUT;10103;125;10102;44;;;10104;125;10105;44;;;10103.5;0.0
2;11000;COCONUT_COUPON;678;38;;;;;679;38;;;;;678.5;0.0
2;11100;COCONUT_COUPON;679;40;;;;;680;40;;;;;679.5;0.0
2;11100;COCONUT;10102;153;10101;45;;;10104;188;;;;;10103.0;0.0
2;11200;COCONUT;10101;92;10100;69;;;10103;169;;;;;10102.0;0.0
2;11200;COCONUT_COUPON;678;39;;;;;679;39;;;;;678.5;0.0
2;11300;COCONUT;10101;156;;;;;10103;113;10104;43;;;10102.0;0.0
2;11300;COCONUT_COUPON;680;31;;;;;681;31;;;;;680.5;0.0
2;11400;COCONUT;10102;126;10101;46;;;10104;172;;;;;10103.0;0.0
2;11400;COCONUT_COUPON;680;29;;;;;681;29;;;;;680.5;0.0
2;11500;COCONUT_COUPON;681;48;;;;;682;31;;;;;681.5;0.0
2;11500;COCONUT;10102;108;10101;53;;;10104;161;;;;;10103.0;0.0
2;11600;COCONUT;10102;158;;;;;10104;107;10105;51;;;10103.0;0.0
2;11600;COCONUT_COUPON;679;41;;;;;680;41;;;;;679.5;0.0
2;11700;COCONUT;10103;126;10102;73;;;10104;133;10105;73;;;10103.5;0.0
2;11700;COCONUT_COUPON;680;33;;;;;681;33;;;;;680.5;0.0
2;11800;COCONUT;10103;114;10102;66;;;10104;114;10105;66;;;10103.5;0.0
2;11800;COCONUT_COUPON;680;35;;;;;681;35;;;;;680.5;0.0
2;11900;COCONUT_COUPON;679;30;;;;;681;30;;;;;680.0;0.0
2;11900;COCONUT;10102;147;10101;46;;;10104;193;;;;;10103.0;0.0
2;12000;COCONUT;10102;123;10101;60;;;10104;123;10105;60;;;10103.0;0.0
2;12000;COCONUT_COUPON;680;41;;;;;681;41;;;;;680.5;0.0
2;12100;COCONUT;10101;115;10100;51;;;10102;115;10103;51;;;10101.5;0.0
2;12100;COCONUT_COUPON;679;41;;;;;680;41;;;;;679.5;0.0
2;12200;COCONUT;10101;140;10100;66;;;10102;140;10103;66;;;10101.5;0.0
2;12200;COCONUT_COUPON;680;34;;;;;681;34;;;;;680.5;0.0
2;12300;COCONUT_COUPON;678;38;;;;;679;38;;;;;678.5;0.0
2;12300;COCONUT;10100;187;;;;;10102;146;10103;41;;;10101.0;0.0
2;12400;COCONUT_COUPON;681;37;;;;;682;37;;;;;681.5;0.0
2;12400;COCONUT;10100;117;10099;49;;;10101;117;10102;49;;;10100.5;0.0
2;12500;COCONUT;10099;131;10098;52;;;10100;131;10101;52;;;10099.5;0.0
2;12500;COCONUT_COUPON;681;31;;;;;682;49;;;;;681.5;0.0
2;12600;COCONUT_COUPON;682;32;;;;;683;32;;;;;682.5;0.0
2;12600;COCONUT;10098;10;10097;169;;;10099;102;10100;67;;;10098.5;0.0
2;12700;COCONUT_COUPON;680;33;;;;;681;33;;;;;680.5;0.0
2;12700;COCONUT;10097;109;10096;66;;;10099;175;;;;;10098.0;0.0
2;12800;COCONUT_COUPON;680;42;;;;;681;42;;;;;680.5;0.0
2;12800;COCONUT;10098;139;10097;60;;;10099;139;10100;60;;;10098.5;0.0
2;12900;COCONUT;10096;109;10095;44;;;10097;109;10098;44;;;10096.5;0.0
2;12900;COCONUT_COUPON;678;35;;;;;679;35;;;;;678.5;0.0
2;13000;COCONUT_COUPON;677;47;;;;;678;40;;;;;677.5;0.0
2;13000;COCONUT;10095;143;10094;72;;;10096;143;10097;72;;;10095.5;0.0
2;13100;COCONUT_COUPON;678;33;;;;;679;33;;;;;678.5;0.0
2;13100;COCONUT;10095;108;10094;41;;;10096;108;10097;41;;;10095.5;0.0
2;13200;COCONUT_COUPON;680;1;679;43;;;681;44;;;;;680.5;0.0
2;13200;COCONUT;10095;108;10094;51;;;10096;108;10097;51;;;10095.5;0.0
2;13300;COCONUT;10097;137;10096;62;;;10099;199;;;;;10098.0;0.0
2;13300;COCONUT_COUPON;680;48;;;;;681;48;;;;;680.5;0.0
2;13400;COCONUT_COUPON;681;35;;;;;682;35;;;;;681.5;0.0
2;13400;COCONUT;10098;135;10097;70;;;10100;205;;;;;10099.0;0.0
2;13500;COCONUT_COUPON;683;47;;;;;684;47;;;;;683.5;0.0
2;13500;COCONUT;10100;130;10099;77;;;10102;207;;;;;10101.0;0.0
2;13600;COCONUT_COUPON;684;35;;;;;685;35;;;;;684.5;0.0
2;13600;COCONUT;10101;123;10100;53;;;10102;123;10103;53;;;10101.5;0.0
2;13700;COCONUT;10101;141;10100;72;;;10102;133;10103;72;;;10101.5;0.0
2;13700;COCONUT_COUPON;683;50;;;;;684;50;;;;;683.5;0.0
2;13800;COCONUT_COUPON;685;44;;;;;686;44;;;;;685.5;0.0
2;13800;COCONUT;10102;139;10101;75;;;10103;139;10104;75;;;10102.5;0.0
2;13900;COCONUT_COUPON;685;38;;;;;686;38;;;;;685.5;0.0
2;13900;COCONUT;10103;123;10102;58;;;10105;181;;;;;10104.0;0.0
2;14000;COCONUT_COUPON;685;33;;;;;686;33;;;;;685.5;0.0
2;14000;COCONUT;10104;147;10103;52;;;10105;147;10106;52;;;10104.5;0.0
2;14100;COCONUT;10106;101;10105;57;;;10107;101;10108;57;;;10106.5;0.0
2;14100;COCONUT_COUPON;686;44;;;;;687;44;;;;;686.5;0.0
2;14200;COCONUT_COUPON;687;38;;;;;688;38;;;;;687.5;0.0
2;14200;COCONUT;10105;125;10104;42;;;10107;167;;;;;10106.0;0.0
2;14300;COCONUT_COUPON;687;43;;;;;688;43;;;;;687.5;0.0
2;14300;COCONUT;10106;138;10105;53;;;10107;138;10108;53;;;10106.5;0.0
2;14400;COCONUT_COUPON;687;43;;;;;688;43;;;;;687.5;0.0
2;14400;COCONUT;10106;175;;;;;10108;131;10109;44;;;10107.0;0.0
2;14500;COCONUT;10107;106;10106;80;;;10108;106;10109;80;;;10107.5;0.0
2;14500;COCONUT_COUPON;687;36;;;;;688;36;;;;;687.5;0.0
2;14600;COCONUT_COUPON;685;42;;;;;686;42;;;;;685.5;0.0
2;14600;COCONUT;10106;132;10105;61;;;10108;193;;;;;10107.0;0.0
2;14700;COCONUT_COUPON;686;33;;;;;687;33;;;;;686.5;0.0
2;14700;COCONUT;10106;138;10105;46;;;10108;184;;;;;10107.0;0.0
2;14800;COCONUT_COUPON;684;31;;;;;685;31;;;;;684.5;0.0
2;14800;COCONUT;10105;108;10104;48;;;10106;108;10107;48;;;10105.5;0.0
2;14900;COCONUT;10105;107;10104;60;;;10106;107;10107;60;;;10105.5;0.0
2;14900;COCONUT_COUPON;684;50;;;;;685;50;;;;;684.5;0.0
2;15000;COCONUT_COUPON;684;24;;;;;685;43;;;;;684.5;0.0
2;15000;COCONUT;10104;97;10103;71;;;10105;103;10106;71;;;10104.5;0.0
2;15100;COCONUT_COUPON;684;35;;;;;685;35;;;;;684.5;0.0
2;15100;COCONUT;10104;143;10103;40;;;10105;135;10106;40;;;10104.5;0.0
2;15200;COCONUT_COUPON;685;31;;;;;686;40;;;;;685.5;0.0
2;15200;COCONUT;10105;127;10104;57;;;10106;127;10107;57;;;10105.5;0.0
2;15300;COCONUT;10107;6;10106;197;;;10108;150;10109;47;;;10107.5;0.0
2;15300;COCONUT_COUPON;686;43;;;;;687;43;;;;;686.5;0.0
2;15400;COCONUT_COUPON;685;45;;;;;686;45;;;;;685.5;0.0
2;15400;COCONUT;10105;190;;;;;10107;132;10108;58;;;10106.0;0.0
2;15500;COCONUT_COUPON;684;46;;;;;685;46;;;;;684.5;0.0
2;15500;COCONUT;10103;149;10102;45;;;10104;149;10105;45;;;10103.5;0.0
2;15600;COCONUT_COUPON;684;44;;;;;685;44;;;;;684.5;0.0
2;15600;COCONUT;10104;110;10103;46;;;10105;110;10106;46;;;10104.5;0.0
2;15700;COCONUT;10104;125;10103;57;;;10106;182;;;;;10105.0;0.0
2;15700;COCONUT_COUPON;684;30;;;;;685;30;;;;;684.5;0.0
2;15800;COCONUT_COUPON;684;38;;;;;685;38;;;;;684.5;0.0
2;15800;COCONUT;10105;128;10104;56;;;10106;128;10107;56;;;10105.5;0.0
2;15900;COCONUT_COUPON;683;35;;;;;684;35;;;;;683.5;0.0
2;15900;COCONUT;10105;142;10104;40;;;10106;133;10107;40;;;10105.5;0.0
2;16000;COCONUT_COUPON;682;32;;;;;683;32;;;;;682.5;0.0
2;16000;COCONUT;10104;8;10103;198;;;10105;140;10106;58;;;10104.5;0.0
2;16100;COCONUT;10103;141;10102;64;;;10105;205;;;;;10104.0;0.0
2;16100;COCONUT_COUPON;684;39;;;;;685;39;;;;;684.5;0.0
2;16200;COCONUT_COUPON;683;37;;;;;684;37;;;;;683.5;0.0
2;16200;COCONUT;10103;150;10102;43;;;10104;150;10105;43;;;10103.5;0.0
2;16300;COCONUT_COUPON;685;39;;;;;686;2;687;37;;;685.5;0.0
2;16300;COCONUT;10102;190;;;;;10104;144;10105;46;;;10103.0;0.0
2;16400;COCONUT_COUPON;684;35;;;;;685;35;;;;;684.5;0.0
2;16400;COCONUT;10102;150;10101;53;;;10103;150;10104;53;;;10102.5;0.0
2;16500;COCONUT;10102;183;;;;;10104;127;10105;56;;;10103.0;0.0
2;16500;COCONUT_COUPON;684;45;;;;;685;45;;;;;684.5;0.0
2;16600;COCONUT;10101;169;;;;;10103;121;10104;48;;;10102.0;0.0
2;16600;COCONUT_COUPON;684;35;;;;;685;35;;;;;684.5;0.0
2;16700;COCONUT;10101;189;;;;;10103;149;10104;40;;;10102.0;0.0
2;16700;COCONUT_COUPON;683;39;;;;;684;39;;;;;683.5;0.0
2;16800;COCONUT_COUPON;684;30;;;;;685;30;;;;;684.5;0.0
2;16800;COCONUT;10101;135;10100;40;;;10103;175;;;;;10102.0;0.0
2;16900;COCONUT_COUPON;683;38;;;;;684;38;;;;;683.5;0.0
2;16900;COCONUT;10100;193;;;;;10101;6;10102;135;10103;58;10100.5;0.0
2;17000;COCONUT;10098;203;;;;;10100;146;10101;57;;;10099.0;0.0
2;17000;COCONUT_COUPON;681;40;;;;;682;40;;;;;681.5;0.0
2;17100;COCONUT;10098;107;10097;50;;;10099;107;10100;50;;;10098.5;0.0
2;17100;COCONUT_COUPON;681;48;;;;;682;48;;;;;681.5;0.0
2;17200;COCONUT;10100;112;10099;50;;;10101;112;10102;50;;;10100.5;0.0
2;17200;COCONUT_COUPON;680;51;;;;;681;51;;;;;680.5;0.0
2;17300;COCONUT_COUPON;680;19;;;;;681;28;;;;;680.5;0.0
2;17300;COCONUT;10100;7;10099;184;;;10101;115;10102;69;;;10100.5;0.0
2;17400;COCONUT;10098;182;;;;;10100;118;10101;64;;;10099.0;0.0
2;17400;COCONUT_COUPON;678;35;;;;;679;35;;;;;678.5;0.0
2;17500;COCONUT;10100;149;10099;52;;;10101;149;10102;52;;;10100.5;0.0
2;17500;COCONUT_COUPON;678;43;;;;;680;43;;;;;679.0;0.0
2;17600;COCONUT;10100;134;10099;71;;;10101;134;10102;71;;;10100.5;0.0
2;17600;COCONUT_COUPON;678;39;;;;;679;39;;;;;678.5;0.0
2;17700;COCONUT_COUPON;675;33;;;;;676;33;;;;;675.5;0.0
2;17700;COCONUT;10100;208;;;;;10102;139;10103;69;;;10101.0;0.0
2;17800;COCONUT;10102;9;10101;200;;;10103;120;10104;80;;;10102.5;0.0
2;17800;COCONUT_COUPON;675;39;;;;;676;39;;;;;675.5;0.0
2;17900;COCONUT;10102;138;10101;61;;;10104;199;;;;;10103.0;0.0
2;17900;COCONUT_COUPON;677;27;;;;;678;41;;;;;677.5;0.0
2;18000;COCONUT;10101;190;;;;;10103;146;10104;44;;;10102.0;0.0
2;18000;COCONUT_COUPON;677;31;;;;;678;31;;;;;677.5;0.0
2;18100;COCONUT_COUPON;678;36;;;;;679;36;;;;;678.5;0.0
2;18100;COCONUT;10101;125;10100;45;;;10102;125;10103;45;;;10101.5;0.0
2;18200;COCONUT;10101;145;10100;55;;;10103;200;;;;;10102.0;0.0
2;18200;COCONUT_COUPON;677;39;;;;;678;39;;;;;677.5;0.0
2;18300;COCONUT;10101;106;10100;46;;;10102;106;10103;46;;;10101.5;0.0
2;18300;COCONUT_COUPON;678;45;;;;;679;45;;;;;678.5;0.0
2;18400;COCONUT;10102;148;10101;73;;;10103;148;10104;73;;;10102.5;0.0
2;18400;COCONUT_COUPON;679;38;;;;;681;38;;;;;680.0;0.0
2;18500;COCONUT_COUPON;681;15;680;20;;;682;35;;;;;681.5;0.0
2;18500;COCONUT;10102;149;10101;57;;;10103;149;10104;57;;;10102.5;0.0
2;18600;COCONUT;10102;129;10101;42;;;10103;129;10104;42;;;10102.5;0.0
2;18600;COCONUT_COUPON;680;36;;;;;681;36;;;;;680.5;0.0
2;18700;COCONUT;10102;118;10101;60;;;10104;178;;;;;10103.0;0.0
2;18700;COCONUT_COUPON;681;35;;;;;682;35;;;;;681.5;0.0
2;18800;COCONUT;10103;111;10102;80;;;10104;111;10105;80;;;10103.5;0.0
2;18800;COCONUT_COUPON;681;66;;;;;682;46;;;;;681.5;0.0
2;18900;COCONUT_COUPON;683;43;;;;;684;43;;;;;683.5;0.0
2;18900;COCONUT;10103;127;10102;61;;;10105;188;;;;;10104.0;0.0
2;19000;COCONUT;10102;161;;;;;10104;108;10105;53;;;10103.0;0.0
2;19000;COCONUT_COUPON;683;46;;;;;684;46;;;;;683.5;0.0
2;19100;COCONUT;10105;135;10104;54;;;10106;135;10107;54;;;10105.5;0.0
2;19100;COCONUT_COUPON;683;41;;;;;685;41;;;;;684.0;0.0
2;19200;COCONUT;10105;112;10104;74;;;10107;186;;;;;10106.0;0.0
2;19200;COCONUT_COUPON;684;41;;;;;685;41;;;;;684.5;0.0
2;19300;COCONUT_COUPON;684;39;;;;;686;39;;;;;685.0;0.0
2;19300;COCONUT;10106;116;10105;80;;;10108;196;;;;;10107.0;0.0
2;19400;COCONUT;10108;145;10107;63;;;10109;145;10110;63;;;10108.5;0.0
2;19400;COCONUT_COUPON;686;21;;;;;687;38;;;;;686.5;0.0
2;19500;COCONUT;10109;119;10108;69;;;10110;119;10111;69;;;10109.5;0.0
2;19500;COCONUT_COUPON;686;33;;;;;687;33;;;;;686.5;0.0
2;19600;COCONUT;10109;145;10108;40;;;10111;185;;;;;10110.0;0.0
2;19600;COCONUT_COUPON;686;38;;;;;687;38;;;;;686.5;0.0
2;19700;COCONUT_COUPON;686;44;;;;;687;44;;;;;686.5;0.0
2;19700;COCONUT;10109;150;10108;57;;;10110;150;10111;57;;;10109.5;0.0
2;19800;COCONUT;10109;110;10108;44;;;10111;154;;;;;10110.0;0.0
2;19800;COCONUT_COUPON;686;45;;;;;687;45;;;;;686.5;0.0
2;19900;COCONUT;10111;140;10110;80;;;10113;220;;;;;10112.0;0.0
2;19900;COCONUT_COUPON;688;48;;;;;689;48;;;;;688.5;0.0
2;20000;COCONUT;10110;112;10109;59;;;10112;171;;;;;10111.0;0.0
2;20000;COCONUT_COUPON;688;45;;;;;689;45;;;;;688.5;0.0
2;20100;COCONUT_COUPON;687;29;;;;;688;29;;;;;687.5;0.0
2;20100;COCONUT;10109;167;;;;;10111;106;10112;61;;;10110.0;0.0
2;20200;COCONUT;10108;115;10107;59;;;10109;115;10110;59;;;10108.5;0.0
2;20200;COCONUT_COUPON;688;38;;;;;689;38;;;;;688.5;0.0
2;20300;COCONUT;10109;109;10108;46;;;10110;111;10111;46;;;10109.5;0.0
2;20300;COCONUT_COUPON;689;35;;;;;690;35;;;;;689.5;0.0
2;20400;COCONUT;10109;147;10108;62;;;10111;209;;;;;10110.0;0.0
2;20400;COCONUT_COUPON;689;44;;;;;690;48;;;;;689.5;0.0
2;20500;COCONUT_COUPON;689;40;;;;;690;40;;;;;689.5;0.0
2;20500;COCONUT;10110;163;;;;;10112;120;10113;43;;;10111.0;0.0
2;20600;COCONUT;10109;167;;;;;10111;126;10112;41;;;10110.0;0.0
2;20600;COCONUT_COUPON;688;45;;;;;689;45;;;;;688.5;0.0
2;20700;COCONUT;10110;100;10109;52;;;10111;100;10112;52;;;10110.5;0.0
2;20700;COCONUT_COUPON;688;38;;;;;689;38;;;;;688.5;0.0
2;20800;COCONUT;10110;124;10109;43;;;10112;167;;;;;10111.0;0.0
2;20800;COCONUT_COUPON;688;44;;;;;689;44;;;;;688.5;0.0
2;20900;COCONUT_COUPON;688;50;;;;;689;50;;;;;688.5;0.0
2;20900;COCONUT;10111;117;10110;75;;;10112;117;10113;75;;;10111.5;0.0
2;21000;COCONUT;10110;124;10109;43;;;10112;167;;;;;10111.0;0.0
2;21000;COCONUT_COUPON;688;19;;;;;689;31;;;;;688.5;0.0
2;21100;COCONUT;10108;210;;;;;10110;143;10111;67;;;10109.0;0.0
2;21100;COCONUT_COUPON;686;36;;;;;687;36;;;;;686.5;0.0
2;21200;COCONUT;10109;122;10108;78;;;10111;200;;;;;10110.0;0.0
2;21200;COCONUT_COUPON;686;44;;;;;687;44;;;;;686.5;0.0
2;21300;COCONUT_COUPON;687;18;;;;;688;32;;;;;687.5;0.0
2;21300;COCONUT;10109;195;;;;;10111;130;10112;65;;;10110.0;0.0
2;21400;COCONUT_COUPON;687;22;686;23;;;688;45;;;;;687.5;0.0
2;21400;COCONUT;10110;114;10109;72;;;10111;114;10112;72;;;10110.5;0.0
2;21500;COCONUT;10108;128;10107;46;;;10109;128;10110;46;;;10108.5;0.0
2;21500;COCONUT_COUPON;686;41;;;;;687;41;;;;;686.5;0.0
2;21600;COCONUT_COUPON;686;32;;;;;687;32;;;;;686.5;0.0
2;21600;COCONUT;10108;216;;;;;10110;143;10111;73;;;10109.0;0.0
2;21700;COCONUT_COUPON;686;46;;;;;687;46;;;;;686.5;0.0
2;21700;COCONUT;10107;196;;;;;10109;119;10110;77;;;10108.0;0.0
2;21800;COCONUT_COUPON;686;35;;;;;687;35;;;;;686.5;0.0
2;21800;COCONUT;10108;130;10107;49;;;10109;130;10110;49;;;10108.5;0.0
2;21900;COCONUT;10109;6;10108;220;;;10110;144;10111;76;;;10109.5;0.0
2;21900;COCONUT_COUPON;688;35;;;;;689;35;;;;;688.5;0.0
2;22000;COCONUT_COUPON;688;38;;;;;689;38;;;;;688.5;0.0
2;22000;COCONUT;10109;108;10108;65;;;10111;173;;;;;10110.0;0.0
2;22100;COCONUT_COUPON;687;37;;;;;688;37;;;;;687.5;0.0
2;22100;COCONUT;10108;221;;;;;10110;142;10111;79;;;10109.0;0.0
2;22200;COCONUT_COUPON;687;52;;;;;688;36;;;;;687.5;0.0
2;22200;COCONUT;10107;191;;;;;10108;5;10109;143;10110;48;10107.5;0.0
2;22300;COCONUT;10107;213;;;;;10109;147;10110;66;;;10108.0;0.0
2;22300;COCONUT_COUPON;686;38;;;;;687;38;;;;;686.5;0.0
2;22400;COCONUT_COUPON;687;35;;;;;688;35;;;;;687.5;0.0
2;22400;COCONUT;10107;217;;;;;10109;150;10110;67;;;10108.0;0.0
2;22500;COCONUT_COUPON;688;55;;;;;689;42;;;;;688.5;0.0
2;22500;COCONUT;10109;141;10108;70;;;10110;136;10111;70;;;10109.5;0.0
2;22600;COCONUT_COUPON;688;37;;;;;689;37;;;;;688.5;0.0
2;22600;COCONUT;10109;107;10108;40;;;10110;107;10111;40;;;10109.5;0.0
2;22700;COCONUT;10109;10;10108;221;;;10110;147;10111;74;;;10109.5;0.0
2;22700;COCONUT_COUPON;687;43;;;;;688;43;;;;;687.5;0.0
2;22800;COCONUT_COUPON;687;31;;;;;688;49;;;;;687.5;0.0
2;22800;COCONUT;10109;112;10108;68;;;10110;112;10111;68;;;10109.5;0.0
2;22900;COCONUT_COUPON;685;39;;;;;686;39;;;;;685.5;0.0
2;22900;COCONUT;10108;105;10107;79;;;10109;105;10110;79;;;10108.5;0.0
2;23000;COCONUT_COUPON;685;41;;;;;686;41;;;;;685.5;0.0
2;23000;COCONUT;10108;114;10107;78;;;10109;114;10110;78;;;10108.5;0.0
2;23100;COCONUT;10107;166;;;;;10109;107;10110;59;;;10108.0;0.0
2;23100;COCONUT_COUPON;683;48;;;;;684;48;;;;;683.5;0.0
2;23200;COCONUT_COUPON;684;52;;;;;685;52;;;;;684.5;0.0
2;23200;COCONUT;10109;107;10108;41;;;10110;107;10111;41;;;10109.5;0.0
2;23300;COCONUT_COUPON;684;44;;;;;686;44;;;;;685.0;0.0
2;23300;COCONUT;10109;150;10108;80;;;10110;150;10111;80;;;10109.5;0.0
2;23400;COCONUT_COUPON;684;45;;;;;685;45;;;;;684.5;0.0
2;23400;COCONUT;10110;131;10109;44;;;10111;131;10112;44;;;10110.5;0.0
2;23500;COCONUT;10109;203;;;;;10111;129;10112;74;;;10110.0;0.0
2;23500;COCONUT_COUPON;683;40;;;;;684;40;;;;;683.5;0.0
2;23600;COCONUT_COUPON;684;41;;;;;686;41;;;;;685.0;0.0
2;23600;COCONUT;10110;110;10109;71;;;10111;116;10112;71;;;10110.5;0.0
2;23700;COCONUT_COUPON;683;34;;;;;684;34;;;;;683.5;0.0
2;23700;COCONUT;10109;129;10108;60;;;10111;189;;;;;10110.0;0.0
2;23800;COCONUT_COUPON;685;37;;;;;686;37;;;;;685.5;0.0
2;23800;COCONUT;10110;109;10109;75;;;10112;184;;;;;10111.0;0.0
2;23900;COCONUT;10109;195;;;;;10111;127;10112;68;;;10110.0;0.0
2;23900;COCONUT_COUPON;684;32;;;;;685;32;;;;;684.5;0.0
2;24000;COCONUT_COUPON;683;36;;;;;684;36;;;;;683.5;0.0
2;24000;COCONUT;10110;161;;;;;10112;102;10113;59;;;10111.0;0.0
2;24100;COCONUT_COUPON;684;24;;;;;685;39;;;;;684.5;0.0
2;24100;COCONUT;10110;123;10109;62;;;10111;123;10112;62;;;10110.5;0.0
2;24200;COCONUT_COUPON;685;38;;;;;686;38;;;;;685.5;0.0
2;24200;COCONUT;10110;126;10109;73;;;10111;126;10112;73;;;10110.5;0.0
2;24300;COCONUT;10110;185;;;;;10112;114;10113;71;;;10111.0;0.0
2;24300;COCONUT_COUPON;684;34;;;;;685;34;;;;;684.5;0.0
2;24400;COCONUT_COUPON;684;42;;;;;685;42;;;;;684.5;0.0
2;24400;COCONUT;10111;160;;;;;10113;119;10114;41;;;10112.0;0.0
2;24500;COCONUT_COUPON;684;41;;;;;685;41;;;;;684.5;0.0
2;24500;COCONUT;10111;125;10110;56;;;10113;181;;;;;10112.0;0.0
2;24600;COCONUT_COUPON;684;34;;;;;685;34;;;;;684.5;0.0
2;24600;COCONUT;10112;130;10111;72;;;10114;202;;;;;10113.0;0.0
2;24700;COCONUT;10112;128;10111;59;;;10114;187;;;;;10113.0;0.0
2;24700;COCONUT_COUPON;684;36;;;;;685;36;;;;;684.5;0.0
2;24800;COCONUT_COUPON;684;43;;;;;685;43;;;;;684.5;0.0
2;24800;COCONUT;10112;120;10111;51;;;10113;120;10114;51;;;10112.5;0.0
2;24900;COCONUT_COUPON;685;57;;;;;686;43;;;;;685.5;0.0
2;24900;COCONUT;10113;149;10112;43;;;10114;149;10115;43;;;10113.5;0.0
2;25000;COCONUT_COUPON;687;36;;;;;688;36;;;;;687.5;0.0
2;25000;COCONUT;10114;149;10113;55;;;10116;204;;;;;10115.0;0.0
2;25100;COCONUT;10114;166;;;;;10116;121;10117;45;;;10115.0;0.0
2;25100;COCONUT_COUPON;687;30;;;;;688;30;;;;;687.5;0.0
2;25200;COCONUT_COUPON;686;35;;;;;687;35;;;;;686.5;0.0
2;25200;COCONUT;10113;120;10112;59;;;10114;120;10115;59;;;10113.5;0.0
2;25300;COCONUT;10112;213;;;;;10114;149;10115;64;;;10113.0;0.0
2;25300;COCONUT_COUPON;686;35;;;;;687;35;;;;;686.5;0.0
2;25400;COCONUT_COUPON;684;38;;;;;685;38;;;;;684.5;0.0
2;25400;COCONUT;10111;139;10110;75;;;10112;139;10113;75;;;10111.5;0.0
2;25500;COCONUT;10112;101;10111;62;;;10113;101;10114;62;;;10112.5;0.0
2;25500;COCONUT_COUPON;684;46;;;;;685;46;;;;;684.5;0.0
2;25600;COCONUT;10112;127;10111;74;;;10113;127;10114;74;;;10112.5;0.0
2;25600;COCONUT_COUPON;684;29;;;;;685;29;;;;;684.5;0.0
2;25700;COCONUT;10112;134;10111;43;;;10114;177;;;;;10113.0;0.0
2;25700;COCONUT_COUPON;684;43;;;;;686;43;;;;;685.0;0.0
2;25800;COCONUT;10112;199;;;;;10113;6;10114;138;10115;61;10112.5;0.0
2;25800;COCONUT_COUPON;686;28;;;;;687;28;;;;;686.5;0.0
2;25900;COCONUT_COUPON;686;37;;;;;687;37;;;;;686.5;0.0
2;25900;COCONUT;10113;196;;;;;10115;126;10116;70;;;10114.0;0.0
2;26000;COCONUT;10114;149;10113;58;;;10115;149;10116;58;;;10114.5;0.0
2;26000;COCONUT_COUPON;687;41;;;;;689;41;;;;;688.0;0.0
2;26100;COCONUT;10113;122;10112;76;;;10114;122;10115;76;;;10113.5;0.0
2;26100;COCONUT_COUPON;687;49;;;;;688;49;;;;;687.5;0.0
2;26200;COCONUT;10113;206;;;;;10115;149;10116;57;;;10114.0;0.0
2;26200;COCONUT_COUPON;687;33;;;;;688;33;;;;;687.5;0.0
2;26300;COCONUT_COUPON;688;34;;;;;689;34;;;;;688.5;0.0
2;26300;COCONUT;10114;173;;;;;10116;127;10117;46;;;10115.0;0.0
2;26400;COCONUT;10115;100;10114;77;;;10116;100;10117;77;;;10115.5;0.0
2;26400;COCONUT_COUPON;688;25;;;;;690;35;;;;;689.0;0.0
2;26500;COCONUT;10115;120;10114;70;;;10116;120;10117;70;;;10115.5;0.0
2;26500;COCONUT_COUPON;689;37;;;;;690;37;;;;;689.5;0.0
2;26600;COCONUT;10115;110;10114;71;;;10116;110;10117;71;;;10115.5;0.0
2;26600;COCONUT_COUPON;690;38;;;;;691;38;;;;;690.5;0.0
2;26700;COCONUT_COUPON;692;42;;;;;693;14;694;28;;;692.5;0.0
2;26700;COCONUT;10115;145;10114;63;;;10116;145;10117;63;;;10115.5;0.0
2;26800;COCONUT;10115;138;10114;79;;;10116;138;10117;79;;;10115.5;0.0
2;26800;COCONUT_COUPON;691;51;;;;;692;51;;;;;691.5;0.0
2;26900;COCONUT;10116;131;10115;50;;;10117;131;10118;50;;;10116.5;0.0
2;26900;COCONUT_COUPON;693;36;;;;;694;36;;;;;693.5;0.0
2;27000;COCONUT;10117;205;;;;;10119;147;10120;58;;;10118.0;0.0
2;27000;COCONUT_COUPON;694;41;;;;;695;41;;;;;694.5;0.0
2;27100;COCONUT_COUPON;694;30;;;;;695;41;;;;;694.5;0.0
2;27100;COCONUT;10117;127;10116;77;;;10118;127;10119;77;;;10117.5;0.0
2;27200;COCONUT;10117;120;10116;54;;;10118;120;10119;54;;;10117.5;0.0
2;27200;COCONUT_COUPON;695;35;;;;;696;35;;;;;695.5;0.0
2;27300;COCONUT;10118;105;10117;74;;;10119;105;10120;74;;;10118.5;0.0
2;27300;COCONUT_COUPON;695;44;;;;;696;44;;;;;695.5;0.0
2;27400;COCONUT;10116;142;10115;74;;;10117;142;10118;74;;;10116.5;0.0
2;27400;COCONUT_COUPON;694;32;;;;;695;32;;;;;694.5;0.0
2;27500;COCONUT_COUPON;695;26;;;;;696;26;;;;;695.5;0.0
2;27500;COCONUT;10118;129;10117;47;;;10119;129;10120;47;;;10118.5;0.0
2;27600;COCONUT;10118;141;10117;65;;;10120;206;;;;;10119.0;0.0
2;27600;COCONUT_COUPON;696;30;;;;;697;30;;;;;696.5;0.0
2;27700;COCONUT;10119;123;10118;40;;;10120;123;10121;40;;;10119.5;0.0
2;27700;COCONUT_COUPON;698;46;;;;;699;46;;;;;698.5;0.0
2;27800;COCONUT;10118;162;;;;;10120;115;10121;47;;;10119.0;0.0
2;27800;COCONUT_COUPON;698;30;;;;;700;45;;;;;699.0;0.0
2;27900;COCONUT_COUPON;700;34;;;;;702;34;;;;;701.0;0.0
2;27900;COCONUT;10120;10;10119;183;;;10121;141;10122;42;;;10120.5;0.0
2;28000;COCONUT;10120;126;10119;69;;;10121;133;10122;69;;;10120.5;0.0
2;28000;COCONUT_COUPON;702;2;701;43;;;703;45;;;;;702.5;0.0
2;28100;COCONUT;10120;143;10119;72;;;10122;215;;;;;10121.0;0.0
2;28100;COCONUT_COUPON;704;40;;;;;705;40;;;;;704.5;0.0
2;28200;COCONUT;10120;132;10119;76;;;10122;208;;;;;10121.0;0.0
2;28200;COCONUT_COUPON;705;36;;;;;706;36;;;;;705.5;0.0
2;28300;COCONUT_COUPON;705;34;;;;;706;34;;;;;705.5;0.0
2;28300;COCONUT;10120;126;10119;47;;;10122;173;;;;;10121.0;0.0
2;28400;COCONUT;10119;148;10118;78;;;10120;148;10121;78;;;10119.5;0.0
2;28400;COCONUT_COUPON;704;42;;;;;705;42;;;;;704.5;0.0
2;28500;COCONUT;10119;116;10118;44;;;10121;160;;;;;10120.0;0.0
2;28500;COCONUT_COUPON;704;39;;;;;706;39;;;;;705.0;0.0
2;28600;COCONUT;10118;128;10117;79;;;10119;128;10120;79;;;10118.5;0.0
2;28600;COCONUT_COUPON;704;42;;;;;705;42;;;;;704.5;0.0
2;28700;COCONUT_COUPON;704;34;;;;;706;34;;;;;705.0;0.0
2;28700;COCONUT;10118;137;10117;70;;;10119;137;10120;70;;;10118.5;0.0
2;28800;COCONUT;10119;141;10118;73;;;10121;214;;;;;10120.0;0.0
2;28800;COCONUT_COUPON;705;38;;;;;706;38;;;;;705.5;0.0
2;28900;COCONUT;10119;125;10118;48;;;10121;173;;;;;10120.0;0.0
2;28900;COCONUT_COUPON;705;34;;;;;706;34;;;;;705.5;0.0
2;29000;COCONUT;10120;125;10119;68;;;10121;125;10122;68;;;10120.5;0.0
2;29000;COCONUT_COUPON;705;36;;;;;706;36;;;;;705.5;0.0
2;29100;COCONUT_COUPON;705;39;;;;;706;39;;;;;705.5;0.0
2;29100;COCONUT;10120;126;10119;43;;;10121;126;10122;43;;;10120.5;0.0
2;29200;COCONUT;10118;130;10117;74;;;10119;130;10120;74;;;10118.5;0.0
2;29200;COCONUT_COUPON;703;59;;;;;704;42;;;;;703.5;0.0
2;29300;COCONUT;10120;97;10119;48;;;10121;102;10122;48;;;10120.5;0.0
2;29300;COCONUT_COUPON;703;38;;;;;705;38;;;;;704.0;0.0
2;29400;COCONUT;10120;118;10119;40;;;10121;118;10122;40;;;10120.5;0.0
2;29400;COCONUT_COUPON;704;43;;;;;705;43;;;;;704.5;0.0
2;29500;COCONUT_COUPON;705;23;;;;;706;41;;;;;705.5;0.0
2;29500;COCONUT;10119;132;10118;48;;;10121;180;;;;;10120.0;0.0
2;29600;COCONUT;10118;129;10117;73;;;10120;202;;;;;10119.0;0.0
2;29600;COCONUT_COUPON;706;44;;;;;707;44;;;;;706.5;0.0
2;29700;COCONUT;10118;168;;;;;10120;120;10121;48;;;10119.0;0.0
2;29700;COCONUT_COUPON;708;31;;;;;709;31;;;;;708.5;0.0
2;29800;COCONUT;10116;190;;;;;10118;119;10119;71;;;10117.0;0.0
2;29800;COCONUT_COUPON;708;40;;;;;709;40;;;;;708.5;0.0
2;29900;COCONUT_COUPON;705;37;;;;;707;37;;;;;706.0;0.0
2;29900;COCONUT;10116;120;10115;78;;;10117;128;10118;78;;;10116.5;0.0
2;30000;COCONUT;10115;117;10114;61;;;10116;117;10117;61;;;10115.5;0.0
2;30000;COCONUT_COUPON;706;28;;;;;707;28;;;;;706.5;0.0
2;30100;COCONUT;10117;132;10116;79;;;10118;132;10119;79;;;10117.5;0.0
2;30100;COCONUT_COUPON;706;41;;;;;707;41;;;;;706.5;0.0
2;30200;COCONUT_COUPON;704;49;;;;;705;49;;;;;704.5;0.0
2;30200;COCONUT;10116;108;10115;46;;;10118;162;;;;;10117.0;0.0
2;30300;COCONUT_COUPON;704;30;;;;;705;30;;;;;704.5;0.0
2;30300;COCONUT;10116;200;;;;;10118;128;10119;72;;;10117.0;0.0
2;30400;COCONUT_COUPON;707;42;;;;;708;42;;;;;707.5;0.0
2;30400;COCONUT;10117;162;;;;;10119;105;10120;57;;;10118.0;0.0
2;30500;COCONUT;10118;147;10117;74;;;10119;147;10120;74;;;10118.5;0.0
2;30500;COCONUT_COUPON;707;41;;;;;708;41;;;;;707.5;0.0
2;30600;COCONUT_COUPON;704;53;;;;;705;40;;;;;704.5;0.0
2;30600;COCONUT;10118;102;10117;48;;;10119;102;10120;48;;;10118.5;0.0
2;30700;COCONUT_COUPON;704;36;;;;;705;36;;;;;704.5;0.0
2;30700;COCONUT;10117;149;10116;65;;;10119;214;;;;;10118.0;0.0
2;30800;COCONUT_COUPON;704;47;;;;;705;17;706;30;;;704.5;0.0
2;30800;COCONUT;10117;158;;;;;10119;105;10120;53;;;10118.0;0.0
2;30900;COCONUT;10118;137;10117;49;;;10120;186;;;;;10119.0;0.0
2;30900;COCONUT_COUPON;705;29;;;;;706;29;;;;;705.5;0.0
2;31000;COCONUT_COUPON;705;42;;;;;706;42;;;;;705.5;0.0
2;31000;COCONUT;10118;138;10117;58;;;10119;138;10120;58;;;10118.5;0.0
2;31100;COCONUT_COUPON;703;57;;;;;704;47;;;;;703.5;0.0
2;31100;COCONUT;10117;131;10116;42;;;10118;131;10119;42;;;10117.5;0.0
2;31200;COCONUT_COUPON;700;30;;;;;702;30;;;;;701.0;0.0
2;31200;COCONUT;10115;106;10114;46;;;10117;152;;;;;10116.0;0.0
2;31300;COCONUT;10114;132;10113;57;;;10115;132;10116;57;;;10114.5;0.0
2;31300;COCONUT_COUPON;698;32;;;;;699;13;700;19;;;698.5;0.0
2;31400;COCONUT_COUPON;699;36;;;;;700;36;;;;;699.5;0.0
2;31400;COCONUT;10115;139;10114;67;;;10117;206;;;;;10116.0;0.0
2;31500;COCONUT_COUPON;699;40;;;;;700;40;;;;;699.5;0.0
2;31500;COCONUT;10115;135;10114;79;;;10117;214;;;;;10116.0;0.0
2;31600;COCONUT_COUPON;699;31;;;;;701;31;;;;;700.0;0.0
2;31600;COCONUT;10113;210;;;;;10115;148;10116;62;;;10114.0;0.0
2;31700;COCONUT;10111;116;10110;70;;;10112;116;10113;70;;;10111.5;0.0
2;31700;COCONUT_COUPON;697;47;;;;;698;47;;;;;697.5;0.0
2;31800;COCONUT_COUPON;697;20;;;;;698;37;;;;;697.5;0.0
2;31800;COCONUT;10112;134;10111;71;;;10113;134;10114;71;;;10112.5;0.0
2;31900;COCONUT_COUPON;696;41;;;;;697;41;;;;;696.5;0.0
2;31900;COCONUT;10112;127;10111;62;;;10113;127;10114;62;;;10112.5;0.0
2;32000;COCONUT_COUPON;695;40;;;;;697;40;;;;;696.0;0.0
2;32000;COCONUT;10112;136;10111;65;;;10114;201;;;;;10113.0;0.0
2;32100;COCONUT;10111;148;10110;40;;;10113;188;;;;;10112.0;0.0
2;32100;COCONUT_COUPON;695;31;;;;;696;31;;;;;695.5;0.0
2;32200;COCONUT_COUPON;695;36;;;;;696;36;;;;;695.5;0.0
2;32200;COCONUT;10110;162;;;;;10112;118;10113;44;;;10111.0;0.0
2;32300;COCONUT_COUPON;694;39;;;;;695;39;;;;;694.5;0.0
2;32300;COCONUT;10111;148;10110;70;;;10112;148;10113;70;;;10111.5;0.0
2;32400;COCONUT_COUPON;693;43;;;;;694;43;;;;;693.5;0.0
2;32400;COCONUT;10111;113;10110;62;;;10112;104;10113;62;;;10111.5;0.0
2;32500;COCONUT;10110;116;10109;45;;;10112;161;;;;;10111.0;0.0
2;32500;COCONUT_COUPON;693;39;;;;;694;39;;;;;693.5;0.0
2;32600;COCONUT_COUPON;694;46;;;;;696;46;;;;;695.0;0.0
2;32600;COCONUT;10111;117;10110;59;;;10112;117;10113;59;;;10111.5;0.0
2;32700;COCONUT_COUPON;692;45;;;;;693;45;;;;;692.5;0.0
2;32700;COCONUT;10108;126;10107;64;;;10110;180;;;;;10109.0;0.0
2;32800;COCONUT_COUPON;692;42;;;;;693;42;;;;;692.5;0.0
2;32800;COCONUT;10107;95;10106;40;;;10108;103;10109;40;;;10107.5;0.0
2;32900;COCONUT;10107;143;10106;54;;;10108;143;10109;54;;;10107.5;0.0
2;32900;COCONUT_COUPON;692;37;;;;;693;37;;;;;692.5;0.0
2;33000;COCONUT_COUPON;692;36;;;;;693;36;;;;;692.5;0.0
2;33000;COCONUT;10107;110;10106;65;;;10109;175;;;;;10108.0;0.0
2;33100;COCONUT_COUPON;691;35;;;;;692;35;;;;;691.5;0.0
2;33100;COCONUT;10106;119;10105;52;;;10107;119;10108;52;;;10106.5;0.0
2;33200;COCONUT_COUPON;691;30;;;;;692;30;;;;;691.5;0.0
2;33200;COCONUT;10108;7;10107;202;;;10109;122;10110;80;;;10108.5;0.0
2;33300;COCONUT;10108;123;10107;66;;;10109;114;10110;66;;;10108.5;0.0
2;33300;COCONUT_COUPON;691;41;;;;;692;41;;;;;691.5;0.0
2;33400;COCONUT_COUPON;690;28;;;;;691;28;;;;;690.5;0.0
2;33400;COCONUT;10108;144;10107;79;;;10109;144;10110;79;;;10108.5;0.0
2;33500;COCONUT_COUPON;689;37;;;;;691;37;;;;;690.0;0.0
2;33500;COCONUT;10107;100;10106;40;;;10108;100;10109;40;;;10107.5;0.0
2;33600;COCONUT_COUPON;689;43;;;;;690;43;;;;;689.5;0.0
2;33600;COCONUT;10107;114;10106;69;;;10108;114;10109;69;;;10107.5;0.0
2;33700;COCONUT;10106;129;10105;54;;;10107;129;10108;54;;;10106.5;0.0
2;33700;COCONUT_COUPON;687;45;;;;;688;45;;;;;687.5;0.0
2;33800;COCONUT_COUPON;687;40;;;;;688;40;;;;;687.5;0.0
2;33800;COCONUT;10105;144;10104;44;;;10106;144;10107;44;;;10105.5;0.0
2;33900;COCONUT_COUPON;687;40;;;;;688;40;;;;;687.5;0.0
2;33900;COCONUT;10105;135;10104;64;;;10106;135;10107;64;;;10105.5;0.0
2;34000;COCONUT_COUPON;689;36;;;;;690;36;;;;;689.5;0.0
2;34000;COCONUT;10105;148;10104;61;;;10106;148;10107;61;;;10105.5;0.0
2;34100;COCONUT;10105;111;10104;46;;;10106;104;10107;46;;;10105.5;0.0
2;34100;COCONUT_COUPON;688;40;;;;;690;40;;;;;689.0;0.0
2;34200;COCONUT;10106;141;10105;63;;;10107;141;10108;63;;;10106.5;0.0
2;34200;COCONUT_COUPON;688;39;;;;;689;39;;;;;688.5;0.0
2;34300;COCONUT;10104;174;;;;;10106;102;10107;72;;;10105.0;0.0
2;34300;COCONUT_COUPON;687;31;;;;;688;31;;;;;687.5;0.0
2;34400;COCONUT_COUPON;685;31;;;;;686;31;;;;;685.5;0.0
2;34400;COCONUT;10104;104;10103;60;;;10106;164;;;;;10105.0;0.0
2;34500;COCONUT;10104;125;10103;79;;;10105;125;10106;79;;;10104.5;0.0
2;34500;COCONUT_COUPON;684;41;;;;;685;41;;;;;684.5;0.0
2;34600;COCONUT;10104;153;;;;;10106;112;10107;41;;;10105.0;0.0
2;34600;COCONUT_COUPON;683;50;;;;;684;50;;;;;683.5;0.0
2;34700;COCONUT;10106;115;10105;50;;;10107;107;10108;50;;;10106.5;0.0
2;34700;COCONUT_COUPON;683;38;;;;;684;38;;;;;683.5;0.0
2;34800;COCONUT;10106;113;10105;52;;;10107;113;10108;52;;;10106.5;0.0
2;34800;COCONUT_COUPON;682;10;;;;;683;29;;;;;682.5;0.0
2;34900;COCONUT_COUPON;682;40;;;;;683;40;;;;;682.5;0.0
2;34900;COCONUT;10105;144;10104;47;;;10106;144;10107;47;;;10105.5;0.0
2;35000;COCONUT;10106;125;10105;60;;;10107;125;10108;60;;;10106.5;0.0
2;35000;COCONUT_COUPON;683;25;;;;;684;25;;;;;683.5;0.0
2;35100;COCONUT;10107;183;;;;;10109;122;10110;61;;;10108.0;0.0
2;35100;COCONUT_COUPON;686;43;;;;;687;43;;;;;686.5;0.0
2;35200;COCONUT;10108;131;10107;44;;;10109;124;10110;44;;;10108.5;0.0
2;35200;COCONUT_COUPON;687;1;686;37;;;688;38;;;;;687.5;0.0
2;35300;COCONUT_COUPON;686;36;;;;;687;36;;;;;686.5;0.0
2;35300;COCONUT;10107;123;10106;40;;;10109;163;;;;;10108.0;0.0
2;35400;COCONUT;10107;205;;;;;10108;7;10109;131;10110;74;10107.5;0.0
2;35400;COCONUT_COUPON;686;35;;;;;687;35;;;;;686.5;0.0
2;35500;COCONUT;10107;120;10106;60;;;10109;180;;;;;10108.0;0.0
2;35500;COCONUT_COUPON;687;31;;;;;688;31;;;;;687.5;0.0
2;35600;COCONUT;10108;125;10107;57;;;10109;125;10110;57;;;10108.5;0.0
2;35600;COCONUT_COUPON;689;13;;;;;690;30;;;;;689.5;0.0
2;35700;COCONUT_COUPON;687;33;;;;;689;33;;;;;688.0;0.0
2;35700;COCONUT;10106;215;;;;;10108;136;10109;79;;;10107.0;0.0
2;35800;COCONUT;10107;137;10106;64;;;10108;137;10109;64;;;10107.5;0.0
2;35800;COCONUT_COUPON;689;64;;;;;690;46;;;;;689.5;0.0
2;35900;COCONUT;10106;133;10105;66;;;10108;133;10109;66;;;10107.0;0.0
2;35900;COCONUT_COUPON;687;34;;;;;688;34;;;;;687.5;0.0
2;36000;COCONUT;10108;114;10107;62;;;10109;114;10110;62;;;10108.5;0.0
2;36000;COCONUT_COUPON;688;39;;;;;689;39;;;;;688.5;0.0
2;36100;COCONUT_COUPON;687;32;;;;;688;32;;;;;687.5;0.0
2;36100;COCONUT;10107;150;10106;59;;;10108;150;10109;59;;;10107.5;0.0
2;36200;COCONUT;10106;209;;;;;10108;138;10109;71;;;10107.0;0.0
2;36200;COCONUT_COUPON;686;51;;;;;687;38;;;;;686.5;0.0
2;36300;COCONUT;10107;104;10106;40;;;10108;104;10109;40;;;10107.5;0.0
2;36300;COCONUT_COUPON;686;40;;;;;687;40;;;;;686.5;0.0
2;36400;COCONUT;10108;9;10107;170;;;10109;116;10110;54;;;10108.5;0.0
2;36400;COCONUT_COUPON;686;29;;;;;687;29;;;;;686.5;0.0
2;36500;COCONUT_COUPON;685;49;;;;;686;49;;;;;685.5;0.0
2;36500;COCONUT;10107;127;10106;53;;;10108;127;10109;53;;;10107.5;0.0
2;36600;COCONUT;10107;119;10106;43;;;10109;162;;;;;10108.0;0.0
2;36600;COCONUT_COUPON;684;41;;;;;686;41;;;;;685.0;0.0
2;36700;COCONUT;10107;197;;;;;10109;144;10110;53;;;10108.0;0.0
2;36700;COCONUT_COUPON;684;40;;;;;685;40;;;;;684.5;0.0
2;36800;COCONUT;10109;126;10108;46;;;10111;162;;;;;10110.0;0.0
2;36800;COCONUT_COUPON;685;25;;;;;686;40;;;;;685.5;0.0
2;36900;COCONUT_COUPON;685;38;;;;;686;38;;;;;685.5;0.0
2;36900;COCONUT;10107;181;;;;;10109;118;10110;63;;;10108.0;0.0
2;37000;COCONUT;10109;176;;;;;10111;111;10112;65;;;10110.0;0.0
2;37000;COCONUT_COUPON;688;39;;;;;689;39;;;;;688.5;0.0
2;37100;COCONUT;10109;105;10108;59;;;10110;105;10111;59;;;10109.5;0.0
2;37100;COCONUT_COUPON;688;32;;;;;689;32;;;;;688.5;0.0
2;37200;COCONUT;10109;140;10108;48;;;10110;140;10111;48;;;10109.5;0.0
2;37200;COCONUT_COUPON;686;42;;;;;687;42;;;;;686.5;0.0
2;37300;COCONUT_COUPON;686;36;;;;;687;36;;;;;686.5;0.0
2;37300;COCONUT;10109;136;10108;56;;;10110;136;10111;56;;;10109.5;0.0
2;37400;COCONUT;10108;114;10107;68;;;10110;182;;;;;10109.0;0.0
2;37400;COCONUT_COUPON;686;33;;;;;688;33;;;;;687.0;0.0
2;37500;COCONUT;10107;100;10106;62;;;10108;100;10109;62;;;10107.5;0.0
2;37500;COCONUT_COUPON;685;49;;;;;686;49;;;;;685.5;0.0
2;37600;COCONUT;10107;102;10106;44;;;10109;146;;;;;10108.0;0.0
2;37600;COCONUT_COUPON;688;47;;;;;689;47;;;;;688.5;0.0
2;37700;COCONUT_COUPON;686;41;;;;;687;41;;;;;686.5;0.0
2;37700;COCONUT;10107;106;10106;70;;;10108;106;10109;70;;;10107.5;0.0
2;37800;COCONUT;10108;141;10107;57;;;10109;141;10110;57;;;10108.5;0.0
2;37800;COCONUT_COUPON;687;45;;;;;688;45;;;;;687.5;0.0
2;37900;COCONUT;10108;148;10107;43;;;10110;191;;;;;10109.0;0.0
2;37900;COCONUT_COUPON;688;38;;;;;689;38;;;;;688.5;0.0
2;38000;COCONUT;10109;139;10108;44;;;10110;139;10111;44;;;10109.5;0.0
2;38000;COCONUT_COUPON;687;30;;;;;688;30;;;;;687.5;0.0
2;38100;COCONUT_COUPON;685;24;;;;;686;43;;;;;685.5;0.0
2;38100;COCONUT;10108;118;10107;79;;;10109;118;10110;79;;;10108.5;0.0
2;38200;COCONUT;10108;160;;;;;10110;119;10111;41;;;10109.0;0.0
2;38200;COCONUT_COUPON;686;39;;;;;687;39;;;;;686.5;0.0
2;38300;COCONUT;10108;147;10107;72;;;10109;147;10110;72;;;10108.5;0.0
2;38300;COCONUT_COUPON;687;48;;;;;688;48;;;;;687.5;0.0
2;38400;COCONUT;10108;105;10107;66;;;10109;105;10110;66;;;10108.5;0.0
2;38400;COCONUT_COUPON;686;31;;;;;688;31;;;;;687.0;0.0
2;38500;COCONUT_COUPON;685;44;;;;;686;44;;;;;685.5;0.0
2;38500;COCONUT;10107;137;10106;41;;;10109;137;10110;41;;;10108.0;0.0
2;38600;COCONUT;10106;194;;;;;10108;136;10109;58;;;10107.0;0.0
2;38600;COCONUT_COUPON;683;33;;;;;684;33;;;;;683.5;0.0
2;38700;COCONUT;10107;138;10106;63;;;10109;201;;;;;10108.0;0.0
2;38700;COCONUT_COUPON;685;33;;;;;686;33;;;;;685.5;0.0
2;38800;COCONUT;10107;176;;;;;10109;109;10110;67;;;10108.0;0.0
2;38800;COCONUT_COUPON;685;41;;;;;686;41;;;;;685.5;0.0
2;38900;COCONUT_COUPON;684;33;;;;;685;33;;;;;684.5;0.0
2;38900;COCONUT;10107;145;10106;53;;;10108;145;10109;53;;;10107.5;0.0
2;39000;COCONUT;10108;7;10107;211;;;10109;146;10110;65;;;10108.5;0.0
2;39000;COCONUT_COUPON;686;36;;;;;687;36;;;;;686.5;0.0
2;39100;COCONUT;10109;191;;;;;10111;149;10112;42;;;10110.0;0.0
2;39100;COCONUT_COUPON;687;12;686;25;;;688;37;;;;;687.5;0.0
2;39200;COCONUT_COUPON;686;45;;;;;687;45;;;;;686.5;0.0
2;39200;COCONUT;10110;132;10109;50;;;10111;132;10112;50;;;10110.5;0.0
2;39300;COCONUT_COUPON;685;48;;;;;686;48;;;;;685.5;0.0
2;39300;COCONUT;10109;118;10108;53;;;10110;118;10111;53;;;10109.5;0.0
2;39400;COCONUT_COUPON;684;40;;;;;685;40;;;;;684.5;0.0
2;39400;COCONUT;10111;141;10110;64;;;10112;141;10113;64;;;10111.5;0.0
2;39500;COCONUT;10110;201;;;;;10112;149;10113;52;;;10111.0;0.0
2;39500;COCONUT_COUPON;686;44;;;;;687;44;;;;;686.5;0.0
2;39600;COCONUT_COUPON;687;42;;;;;688;42;;;;;687.5;0.0
2;39600;COCONUT;10111;104;10110;64;;;10112;104;10113;64;;;10111.5;0.0
2;39700;COCONUT_COUPON;689;29;;;;;690;29;;;;;689.5;0.0
2;39700;COCONUT;10110;160;;;;;10112;118;10113;44;;;10111.0;0.0
2;39800;COCONUT_COUPON;687;48;;;;;688;48;;;;;687.5;0.0
2;39800;COCONUT;10111;124;10110;51;;;10112;124;10113;51;;;10111.5;0.0
2;39900;COCONUT;10111;140;10110;73;;;10112;131;10113;73;;;10111.5;0.0
2;39900;COCONUT_COUPON;686;33;;;;;687;33;;;;;686.5;0.0
2;40000;COCONUT_COUPON;685;30;;;;;686;30;;;;;685.5;0.0
2;40000;COCONUT;10110;107;10109;79;;;10112;186;;;;;10111.0;0.0
2;40100;COCONUT_COUPON;686;50;;;;;687;50;;;;;686.5;0.0
2;40100;COCONUT;10111;134;10110;68;;;10113;202;;;;;10112.0;0.0
2;40200;COCONUT_COUPON;684;35;;;;;686;35;;;;;685.0;0.0
2;40200;COCONUT;10110;101;10109;71;;;10112;172;;;;;10111.0;0.0
2;40300;COCONUT;10109;103;10108;53;;;10111;156;;;;;10110.0;0.0
2;40300;COCONUT_COUPON;684;26;;;;;685;26;;;;;684.5;0.0
2;40400;COCONUT_COUPON;684;34;;;;;685;34;;;;;684.5;0.0
2;40400;COCONUT;10108;213;;;;;10110;141;10111;72;;;10109.0;0.0
2;40500;COCONUT_COUPON;683;29;;;;;684;29;;;;;683.5;0.0
2;40500;COCONUT;10109;144;10108;57;;;10111;201;;;;;10110.0;0.0
2;40600;COCONUT_COUPON;682;40;;;;;683;40;;;;;682.5;0.0
2;40600;COCONUT;10108;130;10107;79;;;10110;209;;;;;10109.0;0.0
2;40700;COCONUT;10107;108;10106;54;;;10108;108;10109;54;;;10107.5;0.0
2;40700;COCONUT_COUPON;681;41;;;;;682;35;;;;;681.5;0.0
2;40800;COCONUT_COUPON;679;35;;;;;680;35;;;;;679.5;0.0
2;40800;COCONUT;10106;160;;;;;10108;115;10109;45;;;10107.0;0.0
2;40900;COCONUT_COUPON;681;39;;;;;682;39;;;;;681.5;0.0
2;40900;COCONUT;10107;125;10106;78;;;10108;125;10109;78;;;10107.5;0.0
2;41000;COCONUT_COUPON;680;30;;;;;681;30;;;;;680.5;0.0
2;41000;COCONUT;10107;113;10106;66;;;10108;113;10109;66;;;10107.5;0.0
2;41100;COCONUT;10106;126;10105;40;;;10107;126;10108;40;;;10106.5;0.0
2;41100;COCONUT_COUPON;679;49;;;;;680;49;;;;;679.5;0.0
2;41200;COCONUT_COUPON;680;19;;;;;681;30;;;;;680.5;0.0
2;41200;COCONUT;10106;125;10105;43;;;10107;125;10108;43;;;10106.5;0.0
2;41300;COCONUT_COUPON;681;46;;;;;682;46;;;;;681.5;0.0
2;41300;COCONUT;10105;161;;;;;10107;109;10108;52;;;10106.0;0.0
2;41400;COCONUT_COUPON;681;34;;;;;682;34;;;;;681.5;0.0
2;41400;COCONUT;10105;100;10104;65;;;10107;165;;;;;10106.0;0.0
2;41500;COCONUT;10105;107;10104;52;;;10106;107;10107;52;;;10105.5;0.0
2;41500;COCONUT_COUPON;680;39;;;;;681;39;;;;;680.5;0.0
2;41600;COCONUT_COUPON;679;6;678;42;;;680;42;;;;;679.5;0.0
2;41600;COCONUT;10103;215;;;;;10105;135;10106;80;;;10104.0;0.0
2;41700;COCONUT_COUPON;676;48;;;;;678;48;;;;;677.0;0.0
2;41700;COCONUT;10102;158;;;;;10104;101;10105;57;;;10103.0;0.0
2;41800;COCONUT_COUPON;677;50;;;;;678;50;;;;;677.5;0.0
2;41800;COCONUT;10104;122;10103;49;;;10106;171;;;;;10105.0;0.0
2;41900;COCONUT;10105;109;10104;70;;;10106;101;10107;70;;;10105.5;0.0
2;41900;COCONUT_COUPON;676;39;;;;;677;39;;;;;676.5;0.0
2;42000;COCONUT_COUPON;675;34;;;;;676;34;;;;;675.5;0.0
2;42000;COCONUT;10106;116;10105;54;;;10107;116;10108;54;;;10106.5;0.0
2;42100;COCONUT_COUPON;677;31;;;;;678;31;;;;;677.5;0.0
2;42100;COCONUT;10108;112;10107;46;;;10110;158;;;;;10109.0;0.0
2;42200;COCONUT_COUPON;677;31;;;;;678;31;;;;;677.5;0.0
2;42200;COCONUT;10109;129;10108;54;;;10111;183;;;;;10110.0;0.0
2;42300;COCONUT;10109;119;10108;58;;;10111;177;;;;;10110.0;0.0
2;42300;COCONUT_COUPON;676;41;;;;;677;41;;;;;676.5;0.0
2;42400;COCONUT_COUPON;676;43;;;;;678;43;;;;;677.0;0.0
2;42400;COCONUT;10109;116;10108;74;;;10110;116;10111;74;;;10109.5;0.0
2;42500;COCONUT_COUPON;675;45;;;;;676;41;;;;;675.5;0.0
2;42500;COCONUT;10109;143;;;;;10111;102;10112;41;;;10110.0;0.0
2;42600;COCONUT_COUPON;677;41;;;;;678;41;;;;;677.5;0.0
2;42600;COCONUT;10109;124;10108;64;;;10111;188;;;;;10110.0;0.0
2;42700;COCONUT;10110;147;10109;58;;;10111;147;10112;58;;;10110.5;0.0
2;42700;COCONUT_COUPON;675;33;;;;;676;33;;;;;675.5;0.0
2;42800;COCONUT_COUPON;675;32;;;;;676;32;;;;;675.5;0.0
2;42800;COCONUT;10109;117;10108;48;;;10111;165;;;;;10110.0;0.0
2;42900;COCONUT_COUPON;673;37;;;;;675;37;;;;;674.0;0.0
2;42900;COCONUT;10108;116;10107;51;;;10109;116;10110;51;;;10108.5;0.0
2;43000;COCONUT_COUPON;673;50;;;;;674;50;;;;;673.5;0.0
2;43000;COCONUT;10108;182;;;;;10110;135;10111;47;;;10109.0;0.0
2;43100;COCONUT;10110;149;10109;47;;;10111;149;10112;47;;;10110.5;0.0
2;43100;COCONUT_COUPON;672;30;;;;;673;30;;;;;672.5;0.0
2;43200;COCONUT;10109;177;;;;;10111;114;10112;63;;;10110.0;0.0
2;43200;COCONUT_COUPON;670;36;;;;;672;36;;;;;671.0;0.0
2;43300;COCONUT;10110;177;;;;;10112;107;10113;70;;;10111.0;0.0
2;43300;COCONUT_COUPON;671;30;;;;;672;30;;;;;671.5;0.0
2;43400;COCONUT_COUPON;668;34;;;;;669;34;;;;;668.5;0.0
2;43400;COCONUT;10111;111;10110;52;;;10112;119;10113;52;;;10111.5;0.0
2;43500;COCONUT_COUPON;668;45;;;;;669;45;;;;;668.5;0.0
2;43500;COCONUT;10111;126;10110;71;;;10112;133;10113;71;;;10111.5;0.0
2;43600;COCONUT;10112;150;10111;61;;;10113;150;10114;61;;;10112.5;0.0
2;43600;COCONUT_COUPON;668;32;;;;;670;44;;;;;669.0;0.0
2;43700;COCONUT;10111;108;10110;73;;;10112;108;10113;73;;;10111.5;0.0
2;43700;COCONUT_COUPON;670;2;669;32;;;671;34;;;;;670.5;0.0
2;43800;COCONUT;10112;146;10111;66;;;10113;146;10114;66;;;10112.5;0.0
2;43800;COCONUT_COUPON;671;42;;;;;672;42;;;;;671.5;0.0
2;43900;COCONUT_COUPON;672;49;;;;;673;38;;;;;672.5;0.0
2;43900;COCONUT;10113;133;10112;74;;;10114;133;10115;74;;;10113.5;0.0
2;44000;COCONUT;10112;213;;;;;10114;140;10115;73;;;10113.0;0.0
2;44000;COCONUT_COUPON;671;32;;;;;672;32;;;;;671.5;0.0
2;44100;COCONUT;10113;105;10112;69;;;10114;105;10115;69;;;10113.5;0.0
2;44100;COCONUT_COUPON;672;37;;;;;673;37;;;;;672.5;0.0
2;44200;COCONUT;10113;138;10112;48;;;10114;138;10115;48;;;10113.5;0.0
2;44200;COCONUT_COUPON;672;28;;;;;673;28;;;;;672.5;0.0
2;44300;COCONUT_COUPON;671;34;;;;;672;34;;;;;671.5;0.0
2;44300;COCONUT;10112;123;10111;51;;;10114;174;;;;;10113.0;0.0
2;44400;COCONUT;10113;9;10112;185;;;10114;108;10115;77;;;10113.5;0.0
2;44400;COCONUT_COUPON;671;45;;;;;672;45;;;;;671.5;0.0
2;44500;COCONUT;10113;145;10112;48;;;10115;193;;;;;10114.0;0.0
2;44500;COCONUT_COUPON;671;31;;;;;672;31;;;;;671.5;0.0
2;44600;COCONUT;10112;150;10111;46;;;10113;150;10114;46;;;10112.5;0.0
2;44600;COCONUT_COUPON;670;37;;;;;671;37;;;;;670.5;0.0
2;44700;COCONUT_COUPON;669;38;;;;;671;38;;;;;670.0;0.0
2;44700;COCONUT;10112;131;10111;48;;;10113;131;10114;48;;;10112.5;0.0
2;44800;COCONUT;10113;124;10112;54;;;10114;121;10115;54;;;10113.5;0.0
2;44800;COCONUT_COUPON;671;35;;;;;672;35;;;;;671.5;0.0
2;44900;COCONUT;10113;104;10112;49;;;10114;104;10115;49;;;10113.5;0.0
2;44900;COCONUT_COUPON;671;39;;;;;672;12;673;27;;;671.5;0.0
2;45000;COCONUT;10113;109;10112;62;;;10114;109;10115;62;;;10113.5;0.0
2;45000;COCONUT_COUPON;672;38;;;;;673;38;;;;;672.5;0.0
2;45100;COCONUT_COUPON;673;38;;;;;674;38;;;;;673.5;0.0
2;45100;COCONUT;10113;118;10112;78;;;10115;196;;;;;10114.0;0.0
2;45200;COCONUT;10113;118;10112;48;;;10114;118;10115;48;;;10113.5;0.0
2;45200;COCONUT_COUPON;673;26;;;;;674;26;;;;;673.5;0.0
2;45300;COCONUT;10113;211;;;;;10115;146;10116;65;;;10114.0;0.0
2;45300;COCONUT_COUPON;674;35;;;;;675;47;;;;;674.5;0.0
2;45400;COCONUT;10114;148;10113;70;;;10115;148;10116;70;;;10114.5;0.0
2;45400;COCONUT_COUPON;674;35;;;;;675;35;;;;;674.5;0.0
2;45500;COCONUT_COUPON;674;37;;;;;676;37;;;;;675.0;0.0
2;45500;COCONUT;10114;131;10113;40;;;10115;131;10116;40;;;10114.5;0.0
2;45600;COCONUT;10113;156;10112;55;;;10115;201;;;;;10114.0;0.0
2;45600;COCONUT_COUPON;676;39;;;;;677;39;;;;;676.5;0.0
2;45700;COCONUT;10114;101;10113;46;;;10115;101;10116;46;;;10114.5;0.0
2;45700;COCONUT_COUPON;676;34;;;;;677;48;;;;;676.5;0.0
2;45800;COCONUT;10113;115;10112;52;;;10114;115;10115;52;;;10113.5;0.0
2;45800;COCONUT_COUPON;675;42;;;;;676;42;;;;;675.5;0.0
2;45900;COCONUT_COUPON;675;36;;;;;676;36;;;;;675.5;0.0
2;45900;COCONUT;10113;131;10112;77;;;10114;131;10115;77;;;10113.5;0.0
2;46000;COCONUT;10112;201;;;;;10114;144;10115;57;;;10113.0;0.0
2;46000;COCONUT_COUPON;675;50;;;;;676;38;;;;;675.5;0.0
2;46100;COCONUT;10111;110;10110;77;;;10113;187;;;;;10112.0;0.0
2;46100;COCONUT_COUPON;673;20;;;;;674;30;;;;;673.5;0.0
2;46200;COCONUT;10110;140;10109;47;;;10111;140;10112;47;;;10110.5;0.0
2;46200;COCONUT_COUPON;673;40;;;;;674;40;;;;;673.5;0.0
2;46300;COCONUT_COUPON;673;31;;;;;674;1;675;30;;;673.5;0.0
2;46300;COCONUT;10110;207;;;;;10112;146;10113;61;;;10111.0;0.0
2;46400;COCONUT;10110;181;;;;;10112;137;10113;44;;;10111.0;0.0
2;46400;COCONUT_COUPON;673;43;;;;;674;32;;;;;673.5;0.0
2;46500;COCONUT;10111;119;10110;48;;;10113;167;;;;;10112.0;0.0
2;46500;COCONUT_COUPON;676;39;;;;;677;39;;;;;676.5;0.0
2;46600;COCONUT;10111;169;;;;;10113;116;10114;53;;;10112.0;0.0
2;46600;COCONUT_COUPON;675;35;;;;;676;35;;;;;675.5;0.0
2;46700;COCONUT_COUPON;677;29;;;;;678;2;679;27;;;677.5;0.0
2;46700;COCONUT;10112;114;10111;40;;;10113;114;10114;40;;;10112.5;0.0
2;46800;COCONUT;10112;205;;;;;10114;128;10115;77;;;10113.0;0.0
2;46800;COCONUT_COUPON;678;43;;;;;680;43;;;;;679.0;0.0
2;46900;COCONUT;10112;192;;;;;10114;113;10115;79;;;10113.0;0.0
2;46900;COCONUT_COUPON;679;28;;;;;680;28;;;;;679.5;0.0
2;47000;COCONUT;10110;186;;;;;10112;108;10113;78;;;10111.0;0.0
2;47000;COCONUT_COUPON;678;40;;;;;679;40;;;;;678.5;0.0
2;47100;COCONUT_COUPON;681;37;;;;;682;37;;;;;681.5;0.0
2;47100;COCONUT;10111;138;10110;80;;;10113;218;;;;;10112.0;0.0
2;47200;COCONUT;10111;109;10110;58;;;10112;109;10113;58;;;10111.5;0.0
2;47200;COCONUT_COUPON;682;32;;;;;683;32;;;;;682.5;0.0
2;47300;COCONUT;10111;101;10110;46;;;10112;101;10113;46;;;10111.5;0.0
2;47300;COCONUT_COUPON;682;45;;;;;683;45;;;;;682.5;0.0
2;47400;COCONUT;10110;111;10109;73;;;10111;102;10112;73;;;10110.5;0.0
2;47400;COCONUT_COUPON;682;39;;;;;683;39;;;;;682.5;0.0
2;47500;COCONUT_COUPON;680;36;;;;;681;36;;;;;680.5;0.0
2;47500;COCONUT;10108;118;10107;65;;;10109;118;10110;65;;;10108.5;0.0
2;47600;COCONUT;10107;101;10106;46;;;10109;147;;;;;10108.0;0.0
2;47600;COCONUT_COUPON;680;12;;;;;681;28;;;;;680.5;0.0
2;47700;COCONUT;10106;122;10105;65;;;10108;187;;;;;10107.0;0.0
2;47700;COCONUT_COUPON;680;44;;;;;681;44;;;;;680.5;0.0
2;47800;COCONUT;10106;136;10105;75;;;10108;211;;;;;10107.0;0.0
2;47800;COCONUT_COUPON;681;32;;;;;682;32;;;;;681.5;0.0
2;47900;COCONUT_COUPON;679;31;;;;;680;31;;;;;679.5;0.0
2;47900;COCONUT;10106;110;10105;70;;;10107;110;10108;70;;;10106.5;0.0
2;48000;COCONUT_COUPON;680;36;;;;;681;36;;;;;680.5;0.0
2;48000;COCONUT;10106;129;10105;76;;;10107;129;10108;76;;;10106.5;0.0
2;48100;COCONUT;10106;196;;;;;10108;133;10109;63;;;10107.0;0.0
2;48100;COCONUT_COUPON;680;44;;;;;681;44;;;;;680.5;0.0
2;48200;COCONUT_COUPON;678;35;;;;;679;35;;;;;678.5;0.0
2;48200;COCONUT;10104;186;;;;;10106;116;10107;70;;;10105.0;0.0
2;48300;COCONUT_COUPON;677;24;;;;;678;38;;;;;677.5;0.0
2;48300;COCONUT;10105;133;10104;43;;;10107;184;;;;;10106.0;0.0
2;48400;COCONUT_COUPON;679;32;;;;;680;32;;;;;679.5;0.0
2;48400;COCONUT;10106;142;10105;64;;;10108;142;10109;64;;;10107.0;0.0
2;48500;COCONUT;10108;144;10107;66;;;10109;143;10110;66;;;10108.5;0.0
2;48500;COCONUT_COUPON;679;41;;;;;680;41;;;;;679.5;0.0
2;48600;COCONUT_COUPON;679;38;;;;;680;38;;;;;679.5;0.0
2;48600;COCONUT;10107;208;;;;;10109;129;10110;79;;;10108.0;0.0
2;48700;COCONUT_COUPON;677;38;;;;;678;38;;;;;677.5;0.0
2;48700;COCONUT;10105;155;;;;;10107;104;10108;51;;;10106.0;0.0
2;48800;COCONUT_COUPON;679;30;;;;;680;36;;;;;679.5;0.0
2;48800;COCONUT;10107;128;10106;54;;;10108;135;10109;54;;;10107.5;0.0
2;48900;COCONUT;10108;163;;;;;10110;114;10111;49;;;10109.0;0.0
2;48900;COCONUT_COUPON;680;32;;;;;681;32;;;;;680.5;0.0
2;49000;COCONUT_COUPON;679;35;;;;;680;35;;;;;679.5;0.0
2;49000;COCONUT;10108;139;10107;48;;;10110;187;;;;;10109.0;0.0
2;49100;COCONUT_COUPON;677;40;;;;;678;40;;;;;677.5;0.0
2;49100;COCONUT;10108;101;10107;47;;;10110;148;;;;;10109.0;0.0
2;49200;COCONUT_COUPON;676;38;;;;;677;38;;;;;676.5;0.0
2;49200;COCONUT;10108;117;10107;45;;;10109;117;10110;45;;;10108.5;0.0
2;49300;COCONUT;10108;95;10107;43;;;10109;100;10110;43;;;10108.5;0.0
2;49300;COCONUT_COUPON;675;36;;;;;676;36;;;;;675.5;0.0
2;49400;COCONUT_COUPON;675;32;;;;;676;32;;;;;675.5;0.0
2;49400;COCONUT;10108;101;10107;52;;;10109;101;10110;52;;;10108.5;0.0
2;49500;COCONUT_COUPON;677;48;;;;;678;48;;;;;677.5;0.0
2;49500;COCONUT;10108;133;10107;64;;;10109;127;10110;64;;;10108.5;0.0
2;49600;COCONUT_COUPON;679;37;;;;;680;37;;;;;679.5;0.0
2;49600;COCONUT;10108;133;10107;64;;;10110;204;;;;;10109.0;0.0
2;49700;COCONUT;10107;113;10106;62;;;10108;113;10109;62;;;10107.5;0.0
2;49700;COCONUT_COUPON;678;28;;;;;679;28;;;;;678.5;0.0
2;49800;COCONUT_COUPON;678;47;;;;;679;47;;;;;678.5;0.0
2;49800;COCONUT;10106;101;10105;50;;;10108;151;;;;;10107.0;0.0
2;49900;COCONUT_COUPON;677;48;;;;;678;28;;;;;677.5;0.0
2;49900;COCONUT;10107;219;;;;;10109;148;10110;71;;;10108.0;0.0
2;50000;COCONUT_COUPON;679;36;;;;;680;36;;;;;679.5;0.0
2;50000;COCONUT;10108;108;10107;69;;;10110;180;;;;;10109.0;0.0
2;50100;COCONUT;10109;141;10108;58;;;10111;199;;;;;10110.0;0.0
2;50100;COCONUT_COUPON;679;16;;;;;680;34;;;;;679.5;0.0
2;50200;COCONUT_COUPON;676;43;;;;;677;43;;;;;676.5;0.0
2;50200;COCONUT;10109;106;10108;46;;;10110;106;10111;46;;;10109.5;0.0
2;50300;COCONUT_COUPON;675;45;;;;;677;45;;;;;676.0;0.0
2;50300;COCONUT;10108;137;10107;44;;;10109;137;10110;44;;;10108.5;0.0
2;50400;COCONUT_COUPON;676;49;;;;;678;49;;;;;677.0;0.0
2;50400;COCONUT;10109;118;10108;61;;;10111;179;;;;;10110.0;0.0
2;50500;COCONUT;10110;227;;;;;10112;148;10113;79;;;10111.0;0.0
2;50500;COCONUT_COUPON;678;39;;;;;680;39;;;;;679.0;0.0
2;50600;COCONUT_COUPON;680;41;;;;;681;41;;;;;680.5;0.0
2;50600;COCONUT;10110;133;10109;40;;;10112;168;;;;;10111.0;0.0
2;50700;COCONUT_COUPON;679;14;;;;;680;30;;;;;679.5;0.0
2;50700;COCONUT;10109;189;;;;;10111;149;10112;40;;;10110.0;0.0
2;50800;COCONUT_COUPON;680;28;;;;;681;28;;;;;680.5;0.0
2;50800;COCONUT;10110;142;10109;67;;;10111;150;10112;67;;;10110.5;0.0
2;50900;COCONUT;10109;149;10108;66;;;10110;149;10111;66;;;10109.5;0.0
2;50900;COCONUT_COUPON;679;40;;;;;680;40;;;;;679.5;0.0
2;51000;COCONUT_COUPON;678;36;;;;;679;36;;;;;678.5;0.0
2;51000;COCONUT;10108;183;;;;;10110;139;10111;44;;;10109.0;0.0
2;51100;COCONUT_COUPON;678;41;;;;;679;30;;;;;678.5;0.0
2;51100;COCONUT;10107;140;10106;63;;;10109;203;;;;;10108.0;0.0
2;51200;COCONUT_COUPON;677;44;;;;;678;44;;;;;677.5;0.0
2;51200;COCONUT;10107;150;10106;79;;;10108;150;10109;79;;;10107.5;0.0
2;51300;COCONUT;10108;104;10107;76;;;10110;180;;;;;10109.0;0.0
2;51300;COCONUT_COUPON;678;42;;;;;679;42;;;;;678.5;0.0
2;51400;COCONUT_COUPON;677;37;;;;;678;37;;;;;677.5;0.0
2;51400;COCONUT;10109;116;10108;50;;;10110;110;10111;50;;;10109.5;0.0
2;51500;COCONUT_COUPON;679;32;;;;;680;32;;;;;679.5;0.0
2;51500;COCONUT;10110;180;;;;;10112;138;10113;42;;;10111.0;0.0
2;51600;COCONUT_COUPON;679;33;;;;;681;33;;;;;680.0;0.0
2;51600;COCONUT;10111;103;10110;74;;;10112;103;10113;74;;;10111.5;0.0
2;51700;COCONUT;10112;144;10111;51;;;10113;144;10114;51;;;10112.5;0.0
2;51700;COCONUT_COUPON;680;49;;;;;681;44;;;;;680.5;0.0
2;51800;COCONUT_COUPON;678;52;;;;;679;39;;;;;678.5;0.0
2;51800;COCONUT;10110;131;10109;50;;;10111;131;10112;50;;;10110.5;0.0
2;51900;COCONUT;10109;180;;;;;10111;110;10112;70;;;10110.0;0.0
2;51900;COCONUT_COUPON;679;29;;;;;680;29;;;;;679.5;0.0
2;52000;COCONUT_COUPON;679;44;;;;;681;44;;;;;680.0;0.0
2;52000;COCONUT;10109;153;10108;74;;;10111;221;;;;;10110.0;0.0
2;52100;COCONUT;10108;122;10107;59;;;10109;122;10110;59;;;10108.5;0.0
2;52100;COCONUT_COUPON;681;44;;;;;682;44;;;;;681.5;0.0
2;52200;COCONUT;10107;191;;;;;10109;142;10110;49;;;10108.0;0.0
2;52200;COCONUT_COUPON;679;26;;;;;681;32;;;;;680.0;0.0
2;52300;COCONUT;10108;103;10107;62;;;10110;165;;;;;10109.0;0.0
2;52300;COCONUT_COUPON;678;37;;;;;679;37;;;;;678.5;0.0
2;52400;COCONUT;10110;124;10109;79;;;10111;124;10112;79;;;10110.5;0.0
2;52400;COCONUT_COUPON;677;41;;;;;678;41;;;;;677.5;0.0
2;52500;COCONUT_COUPON;678;38;;;;;679;38;;;;;678.5;0.0
2;52500;COCONUT;10111;110;10110;78;;;10112;100;10113;78;;;10111.5;0.0
2;52600;COCONUT;10111;132;10110;74;;;10112;132;10113;74;;;10111.5;0.0
2;52600;COCONUT_COUPON;679;38;;;;;680;38;;;;;679.5;0.0
2;52700;COCONUT;10111;126;10110;59;;;10112;126;10113;59;;;10111.5;0.0
2;52700;COCONUT_COUPON;680;17;;;;;681;32;;;;;680.5;0.0
2;52800;COCONUT;10111;138;10110;75;;;10113;213;;;;;10112.0;0.0
2;52800;COCONUT_COUPON;681;51;;;;;682;51;;;;;681.5;0.0
2;52900;COCONUT_COUPON;681;41;;;;;682;41;;;;;681.5;0.0
2;52900;COCONUT;10110;183;;;;;10112;105;10113;78;;;10111.0;0.0
2;53000;COCONUT;10112;109;10111;40;;;10113;109;10114;40;;;10112.5;0.0
2;53000;COCONUT_COUPON;683;35;;;;;684;35;;;;;683.5;0.0
2;53100;COCONUT;10112;154;;;;;10114;100;10115;54;;;10113.0;0.0
2;53100;COCONUT_COUPON;681;35;;;;;682;35;;;;;681.5;0.0
2;53200;COCONUT;10112;103;10111;60;;;10114;163;;;;;10113.0;0.0
2;53200;COCONUT_COUPON;681;35;;;;;683;35;;;;;682.0;0.0
2;53300;COCONUT_COUPON;683;39;;;;;684;39;;;;;683.5;0.0
2;53300;COCONUT;10112;103;10111;80;;;10114;183;;;;;10113.0;0.0
2;53400;COCONUT;10112;130;10111;70;;;10113;130;10114;70;;;10112.5;0.0
2;53400;COCONUT_COUPON;683;26;;;;;684;37;;;;;683.5;0.0
2;53500;COCONUT;10110;111;10109;53;;;10112;164;;;;;10111.0;0.0
2;53500;COCONUT_COUPON;682;40;;;;;683;40;;;;;682.5;0.0
2;53600;COCONUT;10110;149;10109;64;;;10112;213;;;;;10111.0;0.0
2;53600;COCONUT_COUPON;682;45;;;;;683;45;;;;;682.5;0.0
2;53700;COCONUT_COUPON;681;36;;;;;682;36;;;;;681.5;0.0
2;53700;COCONUT;10108;114;10107;40;;;10110;154;;;;;10109.0;0.0
2;53800;COCONUT;10107;110;10106;50;;;10109;160;;;;;10108.0;0.0
2;53800;COCONUT_COUPON;682;28;;;;;683;28;;;;;682.5;0.0
2;53900;COCONUT;10109;125;10108;80;;;10111;205;;;;;10110.0;0.0
2;53900;COCONUT_COUPON;682;44;;;;;684;44;;;;;683.0;0.0
2;54000;COCONUT;10108;111;10107;41;;;10110;152;;;;;10109.0;0.0
2;54000;COCONUT_COUPON;682;39;;;;;683;39;;;;;682.5;0.0
2;54100;COCONUT_COUPON;681;47;;;;;682;47;;;;;681.5;0.0
2;54100;COCONUT;10108;156;;;;;10110;108;10111;48;;;10109.0;0.0
2;54200;COCONUT;10109;208;;;;;10111;146;10112;62;;;10110.0;0.0
2;54200;COCONUT_COUPON;683;40;;;;;684;40;;;;;683.5;0.0
2;54300;COCONUT;10110;143;10109;56;;;10111;143;10112;56;;;10110.5;0.0
2;54300;COCONUT_COUPON;684;44;;;;;685;44;;;;;684.5;0.0
2;54400;COCONUT;10110;143;10109;58;;;10111;143;10112;58;;;10110.5;0.0
2;54400;COCONUT_COUPON;685;27;;;;;686;27;;;;;685.5;0.0
2;54500;COCONUT_COUPON;685;38;;;;;686;38;;;;;685.5;0.0
2;54500;COCONUT;10109;130;10108;46;;;10110;130;10111;46;;;10109.5;0.0
2;54600;COCONUT;10109;216;;;;;10111;149;10112;67;;;10110.0;0.0
2;54600;COCONUT_COUPON;685;42;;;;;686;42;;;;;685.5;0.0
2;54700;COCONUT;10110;123;10109;67;;;10111;123;10112;67;;;10110.5;0.0
2;54700;COCONUT_COUPON;686;42;;;;;687;31;;;;;686.5;0.0
2;54800;COCONUT;10110;148;10109;68;;;10111;148;10112;68;;;10110.5;0.0
2;54800;COCONUT_COUPON;686;46;;;;;687;46;;;;;686.5;0.0
2;54900;COCONUT_COUPON;685;33;;;;;686;33;;;;;685.5;0.0
2;54900;COCONUT;10111;193;;;;;10113;121;10114;72;;;10112.0;0.0
2;55000;COCONUT;10111;114;10110;43;;;10112;114;10113;43;;;10111.5;0.0
2;55000;COCONUT_COUPON;684;41;;;;;685;41;;;;;684.5;0.0
2;55100;COCONUT;10112;113;10111;63;;;10113;113;10114;63;;;10112.5;0.0
2;55100;COCONUT_COUPON;685;43;;;;;686;43;;;;;685.5;0.0
2;55200;COCONUT;10111;136;10110;52;;;10113;136;10114;52;;;10112.0;0.0
2;55200;COCONUT_COUPON;685;33;;;;;686;33;;;;;685.5;0.0
2;55300;COCONUT_COUPON;685;36;;;;;687;36;;;;;686.0;0.0
2;55300;COCONUT;10111;138;10110;50;;;10112;138;10113;50;;;10111.5;0.0
2;55400;COCONUT;10112;114;10111;64;;;10113;114;10114;64;;;10112.5;0.0
2;55400;COCONUT_COUPON;686;48;;;;;687;48;;;;;686.5;0.0
2;55500;COCONUT;10111;108;10110;60;;;10112;108;10113;60;;;10111.5;0.0
2;55500;COCONUT_COUPON;685;31;;;;;686;31;;;;;685.5;0.0
2;55600;COCONUT;10111;102;10110;78;;;10112;102;10113;78;;;10111.5;0.0
2;55600;COCONUT_COUPON;685;37;;;;;686;37;;;;;685.5;0.0
2;55700;COCONUT_COUPON;682;40;;;;;683;40;;;;;682.5;0.0
2;55700;COCONUT;10109;134;10108;68;;;10110;134;10111;68;;;10109.5;0.0
2;55800;COCONUT;10110;106;10109;78;;;10111;114;10112;78;;;10110.5;0.0
2;55800;COCONUT_COUPON;684;38;;;;;685;38;;;;;684.5;0.0
2;55900;COCONUT;10110;189;;;;;10112;132;10113;57;;;10111.0;0.0
2;55900;COCONUT_COUPON;682;41;;;;;683;41;;;;;682.5;0.0
2;56000;COCONUT;10111;142;10110;75;;;10112;142;10113;75;;;10111.5;0.0
2;56000;COCONUT_COUPON;682;40;;;;;683;40;;;;;682.5;0.0
2;56100;COCONUT_COUPON;680;36;;;;;682;36;;;;;681.0;0.0
2;56100;COCONUT;10110;116;10109;72;;;10111;116;10112;72;;;10110.5;0.0
2;56200;COCONUT;10111;131;10110;49;;;10113;131;10114;49;;;10112.0;0.0
2;56200;COCONUT_COUPON;681;29;;;;;682;37;;;;;681.5;0.0
2;56300;COCONUT;10112;128;10111;73;;;10113;128;10114;73;;;10112.5;0.0
2;56300;COCONUT_COUPON;682;44;;;;;683;44;;;;;682.5;0.0
2;56400;COCONUT;10112;120;10111;63;;;10113;120;10114;63;;;10112.5;0.0
2;56400;COCONUT_COUPON;682;44;;;;;683;44;;;;;682.5;0.0
2;56500;COCONUT_COUPON;684;27;;;;;685;46;;;;;684.5;0.0
2;56500;COCONUT;10112;187;;;;;10114;147;10115;40;;;10113.0;0.0
2;56600;COCONUT;10111;218;;;;;10113;146;10114;72;;;10112.0;0.0
2;56600;COCONUT_COUPON;685;28;;;;;686;44;;;;;685.5;0.0
2;56700;COCONUT;10114;142;10113;76;;;10116;142;10117;76;;;10115.0;0.0
2;56700;COCONUT_COUPON;687;38;;;;;688;38;;;;;687.5;0.0
2;56800;COCONUT;10113;218;;;;;10115;139;10116;79;;;10114.0;0.0
2;56800;COCONUT_COUPON;686;38;;;;;687;38;;;;;686.5;0.0
2;56900;COCONUT_COUPON;686;39;;;;;687;39;;;;;686.5;0.0
2;56900;COCONUT;10112;137;10111;74;;;10113;137;10114;74;;;10112.5;0.0
2;57000;COCONUT_COUPON;686;21;;;;;688;41;;;;;687.0;0.0
2;57000;COCONUT;10112;127;10111;72;;;10113;127;10114;72;;;10112.5;0.0
2;57100;COCONUT;10111;139;10110;41;;;10113;180;;;;;10112.0;0.0
2;57100;COCONUT_COUPON;684;35;;;;;685;35;;;;;684.5;0.0
2;57200;COCONUT_COUPON;684;36;;;;;685;36;;;;;684.5;0.0
2;57200;COCONUT;10112;148;10111;73;;;10114;221;;;;;10113.0;0.0
2;57300;COCONUT_COUPON;685;27;;;;;686;27;;;;;685.5;0.0
2;57300;COCONUT;10111;180;;;;;10112;7;10113;139;10114;41;10111.5;0.0
2;57400;COCONUT_COUPON;684;32;;;;;685;32;;;;;684.5;0.0
2;57400;COCONUT;10111;142;10110;60;;;10112;142;10113;60;;;10111.5;0.0
2;57500;COCONUT;10111;106;10110;52;;;10112;106;10113;52;;;10111.5;0.0
2;57500;COCONUT_COUPON;684;49;;;;;685;35;;;;;684.5;0.0
2;57600;COCONUT_COUPON;684;36;;;;;685;36;;;;;684.5;0.0
2;57600;COCONUT;10111;170;;;;;10113;100;10114;70;;;10112.0;0.0
2;57700;COCONUT_COUPON;683;38;;;;;684;38;;;;;683.5;0.0
2;57700;COCONUT;10109;133;10108;40;;;10111;173;;;;;10110.0;0.0
2;57800;COCONUT_COUPON;683;38;;;;;684;38;;;;;683.5;0.0
2;57800;COCONUT;10109;108;10108;57;;;10111;165;;;;;10110.0;0.0
2;57900;COCONUT;10110;145;10109;56;;;10112;201;;;;;10111.0;0.0
2;57900;COCONUT_COUPON;684;32;;;;;685;32;;;;;684.5;0.0
2;58000;COCONUT_COUPON;682;41;;;;;684;41;;;;;683.0;0.0
2;58000;COCONUT;10111;116;10110;49;;;10112;116;10113;49;;;10111.5;0.0
2;58100;COCONUT_COUPON;683;38;;;;;684;38;;;;;683.5;0.0
2;58100;COCONUT;10113;138;10112;69;;;10114;138;10115;69;;;10113.5;0.0
2;58200;COCONUT_COUPON;683;38;;;;;684;19;685;38;;;683.5;0.0
2;58200;COCONUT;10112;113;10111;52;;;10113;107;10114;52;;;10112.5;0.0
2;58300;COCONUT;10111;164;;;;;10113;113;10114;51;;;10112.0;0.0
2;58300;COCONUT_COUPON;684;37;;;;;685;37;;;;;684.5;0.0
2;58400;COCONUT_COUPON;682;30;;;;;684;30;;;;;683.0;0.0
2;58400;COCONUT;10109;117;10108;68;;;10110;117;10111;68;;;10109.5;0.0
2;58500;COCONUT_COUPON;685;32;;;;;686;32;;;;;685.5;0.0
2;58500;COCONUT;10108;203;;;;;10110;129;10111;74;;;10109.0;0.0
2;58600;COCONUT_COUPON;686;45;;;;;688;45;;;;;687.0;0.0
2;58600;COCONUT;10107;135;10106;77;;;10109;212;;;;;10108.0;0.0
2;58700;COCONUT;10108;122;10107;42;;;10109;122;10110;42;;;10108.5;0.0
2;58700;COCONUT_COUPON;685;16;;;;;686;26;;;;;685.5;0.0
2;58800;COCONUT_COUPON;685;34;;;;;686;34;;;;;685.5;0.0
2;58800;COCONUT;10109;100;10108;50;;;10110;100;10111;50;;;10109.5;0.0
2;58900;COCONUT_COUPON;685;41;;;;;686;41;;;;;685.5;0.0
2;58900;COCONUT;10109;102;10108;50;;;10111;152;;;;;10110.0;0.0
2;59000;COCONUT_COUPON;685;35;;;;;686;35;;;;;685.5;0.0
2;59000;COCONUT;10110;210;;;;;10112;142;10113;68;;;10111.0;0.0
2;59100;COCONUT;10109;201;;;;;10111;138;10112;63;;;10110.0;0.0
2;59100;COCONUT_COUPON;684;42;;;;;685;42;;;;;684.5;0.0
2;59200;COCONUT_COUPON;685;39;;;;;686;39;;;;;685.5;0.0
2;59200;COCONUT;10111;106;10110;73;;;10112;111;10113;73;;;10111.5;0.0
2;59300;COCONUT_COUPON;685;43;;;;;686;43;;;;;685.5;0.0
2;59300;COCONUT;10111;112;10110;51;;;10112;112;10113;51;;;10111.5;0.0
2;59400;COCONUT_COUPON;685;26;;;;;686;26;;;;;685.5;0.0
2;59400;COCONUT;10112;135;10111;43;;;10113;135;10114;43;;;10112.5;0.0
2;59500;COCONUT;10109;135;10108;72;;;10110;141;10111;72;;;10109.5;0.0
2;59500;COCONUT_COUPON;684;30;;;;;685;30;;;;;684.5;0.0
2;59600;COCONUT_COUPON;684;33;;;;;686;33;;;;;685.0;0.0
2;59600;COCONUT;10109;206;;;;;10111;132;10112;74;;;10110.0;0.0
2;59700;COCONUT_COUPON;682;33;;;;;683;33;;;;;682.5;0.0
2;59700;COCONUT;10108;199;;;;;10110;129;10111;70;;;10109.0;0.0
2;59800;COCONUT_COUPON;682;42;;;;;683;42;;;;;682.5;0.0
2;59800;COCONUT;10108;147;10107;74;;;10109;147;10110;74;;;10108.5;0.0
2;59900;COCONUT;10106;103;10105;52;;;10108;155;;;;;10107.0;0.0
2;59900;COCONUT_COUPON;682;29;;;;;683;29;;;;;682.5;0.0
2;60000;COCONUT_COUPON;681;49;;;;;682;35;;;;;681.5;0.0
2;60000;COCONUT;10106;106;10105;55;;;10107;106;10108;55;;;10106.5;0.0
2;60100;COCONUT_COUPON;682;33;;;;;683;33;;;;;682.5;0.0
2;60100;COCONUT;10106;133;10105;55;;;10107;133;10108;55;;;10106.5;0.0
2;60200;COCONUT_COUPON;682;32;;;;;683;32;;;;;682.5;0.0
2;60200;COCONUT;10105;147;10104;53;;;10107;200;;;;;10106.0;0.0
2;60300;COCONUT;10104;141;10103;60;;;10105;141;10106;60;;;10104.5;0.0
2;60300;COCONUT_COUPON;682;36;;;;;683;36;;;;;682.5;0.0
2;60400;COCONUT_COUPON;681;48;;;;;682;48;;;;;681.5;0.0
2;60400;COCONUT;10104;107;10103;80;;;10105;107;10106;80;;;10104.5;0.0
2;60500;COCONUT_COUPON;681;40;;;;;682;40;;;;;681.5;0.0
2;60500;COCONUT;10104;131;10103;76;;;10106;207;;;;;10105.0;0.0
2;60600;COCONUT_COUPON;681;43;;;;;682;43;;;;;681.5;0.0
2;60600;COCONUT;10104;103;10103;45;;;10106;148;;;;;10105.0;0.0
2;60700;COCONUT;10106;146;10105;42;;;10108;146;10109;42;;;10107.0;0.0
2;60700;COCONUT_COUPON;681;45;;;;;682;45;;;;;681.5;0.0
2;60800;COCONUT;10107;105;10106;52;;;10108;105;10109;52;;;10107.5;0.0
2;60800;COCONUT_COUPON;680;37;;;;;682;37;;;;;681.0;0.0
2;60900;COCONUT;10107;115;10106;78;;;10109;193;;;;;10108.0;0.0
2;60900;COCONUT_COUPON;680;39;;;;;681;39;;;;;680.5;0.0
2;61000;COCONUT_COUPON;679;32;;;;;680;32;;;;;679.5;0.0
2;61000;COCONUT;10106;118;10105;45;;;10107;118;10108;45;;;10106.5;0.0
2;61100;COCONUT;10106;114;10105;71;;;10108;114;10109;71;;;10107.0;0.0
2;61100;COCONUT_COUPON;681;37;;;;;682;37;;;;;681.5;0.0
2;61200;COCONUT;10106;125;10105;70;;;10107;125;10108;70;;;10106.5;0.0
2;61200;COCONUT_COUPON;681;35;;;;;682;35;;;;;681.5;0.0
2;61300;COCONUT;10106;112;10105;54;;;10107;112;10108;54;;;10106.5;0.0
2;61300;COCONUT_COUPON;681;43;;;;;682;43;;;;;681.5;0.0
2;61400;COCONUT;10107;136;10106;45;;;10108;136;10109;45;;;10107.5;0.0
2;61400;COCONUT_COUPON;682;49;;;;;683;49;;;;;682.5;0.0
2;61500;COCONUT_COUPON;681;41;;;;;682;41;;;;;681.5;0.0
2;61500;COCONUT;10106;172;;;;;10108;113;10109;59;;;10107.0;0.0
2;61600;COCONUT;10107;221;;;;;10109;148;10110;73;;;10108.0;0.0
2;61600;COCONUT_COUPON;682;40;;;;;683;40;;;;;682.5;0.0
2;61700;COCONUT;10108;153;;;;;10110;111;10111;42;;;10109.0;0.0
2;61700;COCONUT_COUPON;683;47;;;;;685;47;;;;;684.0;0.0
2;61800;COCONUT;10108;169;;;;;10110;106;10111;63;;;10109.0;0.0
2;61800;COCONUT_COUPON;685;47;;;;;686;47;;;;;685.5;0.0
2;61900;COCONUT_COUPON;687;32;;;;;688;32;;;;;687.5;0.0
2;61900;COCONUT;10110;132;10109;64;;;10111;132;10112;64;;;10110.5;0.0
2;62000;COCONUT;10108;122;10107;48;;;10109;122;10110;48;;;10108.5;0.0
2;62000;COCONUT_COUPON;686;43;;;;;687;43;;;;;686.5;0.0
2;62100;COCONUT;10108;134;10107;80;;;10110;214;;;;;10109.0;0.0
2;62100;COCONUT_COUPON;685;38;;;;;686;38;;;;;685.5;0.0
2;62200;COCONUT;10108;124;10107;62;;;10109;124;10110;62;;;10108.5;0.0
2;62200;COCONUT_COUPON;685;34;;;;;686;34;;;;;685.5;0.0
2;62300;COCONUT_COUPON;684;32;;;;;685;32;;;;;684.5;0.0
2;62300;COCONUT;10108;132;10107;68;;;10110;190;;;;;10109.0;0.0
2;62400;COCONUT;10109;112;10108;79;;;10110;112;10111;79;;;10109.5;0.0
2;62400;COCONUT_COUPON;686;43;;;;;687;43;;;;;686.5;0.0
2;62500;COCONUT;10110;104;10109;75;;;10112;179;;;;;10111.0;0.0
2;62500;COCONUT_COUPON;685;39;;;;;686;39;;;;;685.5;0.0
2;62600;COCONUT;10110;149;10109;57;;;10112;206;;;;;10111.0;0.0
2;62600;COCONUT_COUPON;686;42;;;;;687;42;;;;;686.5;0.0
2;62700;COCONUT_COUPON;688;38;;;;;689;38;;;;;688.5;0.0
2;62700;COCONUT;10110;176;;;;;10112;135;10113;41;;;10111.0;0.0
2;62800;COCONUT;10112;112;10111;50;;;10113;112;10114;50;;;10112.5;0.0
2;62800;COCONUT_COUPON;689;37;;;;;690;37;;;;;689.5;0.0
2;62900;COCONUT;10112;194;;;;;10114;150;10115;44;;;10113.0;0.0
2;62900;COCONUT_COUPON;689;30;;;;;690;30;;;;;689.5;0.0
2;63000;COCONUT;10112;209;;;;;10114;144;10115;65;;;10113.0;0.0
2;63000;COCONUT_COUPON;689;37;;;;;690;37;;;;;689.5;0.0
2;63100;COCONUT_COUPON;688;20;687;16;;;689;36;;;;;688.5;0.0
2;63100;COCONUT;10112;185;;;;;10114;113;10115;72;;;10113.0;0.0
2;63200;COCONUT;10111;130;10110;64;;;10113;194;;;;;10112.0;0.0
2;63200;COCONUT_COUPON;685;41;;;;;687;41;;;;;686.0;0.0
2;63300;COCONUT;10112;126;10111;67;;;10114;193;;;;;10113.0;0.0
2;63300;COCONUT_COUPON;687;20;686;45;;;688;45;;;;;687.5;0.0
2;63400;COCONUT;10110;131;10109;77;;;10112;131;10113;77;;;10111.0;0.0
2;63400;COCONUT_COUPON;687;38;;;;;689;38;;;;;688.0;0.0
2;63500;COCONUT_COUPON;686;46;;;;;687;46;;;;;686.5;0.0
2;63500;COCONUT;10110;127;10109;60;;;10112;187;;;;;10111.0;0.0
2;63600;COCONUT;10111;103;10110;58;;;10113;161;;;;;10112.0;0.0
2;63600;COCONUT_COUPON;686;31;;;;;687;31;;;;;686.5;0.0
2;63700;COCONUT;10111;133;10110;57;;;10112;133;10113;57;;;10111.5;0.0
2;63700;COCONUT_COUPON;686;40;;;;;687;40;;;;;686.5;0.0
2;63800;COCONUT;10111;119;10110;51;;;10112;119;10113;51;;;10111.5;0.0
2;63800;COCONUT_COUPON;687;59;;;;;688;39;;;;;687.5;0.0
2;63900;COCONUT_COUPON;686;51;;;;;687;51;;;;;686.5;0.0
2;63900;COCONUT;10108;94;10107;49;;;10110;151;;;;;10109.0;0.0
2;64000;COCONUT;10109;114;10108;63;;;10111;177;;;;;10110.0;0.0
2;64000;COCONUT_COUPON;685;42;;;;;686;42;;;;;685.5;0.0
2;64100;COCONUT;10109;145;10108;63;;;10110;145;10111;63;;;10109.5;0.0
2;64100;COCONUT_COUPON;684;47;;;;;685;47;;;;;684.5;0.0
2;64200;COCONUT;10109;126;10108;71;;;10110;126;10111;71;;;10109.5;0.0
2;64200;COCONUT_COUPON;682;41;;;;;684;41;;;;;683.0;0.0
2;64300;COCONUT_COUPON;684;33;;;;;685;33;;;;;684.5;0.0
2;64300;COCONUT;10110;133;10109;42;;;10111;133;10112;42;;;10110.5;0.0
2;64400;COCONUT;10111;129;10110;51;;;10112;129;10113;51;;;10111.5;0.0
2;64400;COCONUT_COUPON;685;34;;;;;686;34;;;;;685.5;0.0
2;64500;COCONUT;10110;114;10109;45;;;10112;159;;;;;10111.0;0.0
2;64500;COCONUT_COUPON;685;36;;;;;686;36;;;;;685.5;0.0
2;64600;COCONUT;10110;113;10109;70;;;10111;113;10112;70;;;10110.5;0.0
2;64600;COCONUT_COUPON;686;38;;;;;687;38;;;;;686.5;0.0
2;64700;COCONUT_COUPON;687;44;;;;;688;39;;;;;687.5;0.0
2;64700;COCONUT;10110;127;10109;52;;;10112;185;;;;;10111.0;0.0
2;64800;COCONUT;10110;112;10109;55;;;10111;112;10112;55;;;10110.5;0.0
2;64800;COCONUT_COUPON;687;34;;;;;688;34;;;;;687.5;0.0
2;64900;COCONUT;10109;148;10108;53;;;10111;193;;;;;10110.0;0.0
2;64900;COCONUT_COUPON;688;35;;;;;689;35;;;;;688.5;0.0
2;65000;COCONUT;10108;174;;;;;10110;129;10111;45;;;10109.0;0.0
2;65000;COCONUT_COUPON;686;40;;;;;687;40;;;;;686.5;0.0
2;65100;COCONUT_COUPON;687;41;;;;;689;41;;;;;688.0;0.0
2;65100;COCONUT;10111;123;10110;45;;;10112;123;10113;45;;;10111.5;0.0
2;65200;COCONUT;10110;160;;;;;10112;107;10113;53;;;10111.0;0.0
2;65200;COCONUT_COUPON;686;31;;;;;688;48;;;;;687.0;0.0
2;65300;COCONUT;10112;144;10111;49;;;10114;193;;;;;10113.0;0.0
2;65300;COCONUT_COUPON;688;34;;;;;689;34;;;;;688.5;0.0
2;65400;COCONUT;10111;110;10110;75;;;10113;185;;;;;10112.0;0.0
2;65400;COCONUT_COUPON;686;41;;;;;687;41;;;;;686.5;0.0
2;65500;COCONUT_COUPON;685;46;;;;;687;46;;;;;686.0;0.0
2;65500;COCONUT;10111;123;10110;62;;;10112;123;10113;62;;;10111.5;0.0
2;65600;COCONUT;10111;102;10110;77;;;10113;102;10114;77;;;10112.0;0.0
2;65600;COCONUT_COUPON;685;45;;;;;686;45;;;;;685.5;0.0
2;65700;COCONUT;10113;108;10112;77;;;10114;118;10115;77;;;10113.5;0.0
2;65700;COCONUT_COUPON;685;42;;;;;687;42;;;;;686.0;0.0
2;65800;COCONUT_COUPON;685;36;;;;;687;36;;;;;686.0;0.0
2;65800;COCONUT;10114;173;;;;;10115;10;10116;106;10117;67;10114.5;0.0
2;65900;COCONUT_COUPON;684;31;;;;;685;31;;;;;684.5;0.0
2;65900;COCONUT;10113;139;10112;51;;;10114;139;10115;51;;;10113.5;0.0
2;66000;COCONUT_COUPON;682;41;;;;;683;41;;;;;682.5;0.0
2;66000;COCONUT;10112;110;10111;53;;;10113;110;10114;53;;;10112.5;0.0
2;66100;COCONUT;10111;134;10110;74;;;10112;134;10113;74;;;10111.5;0.0
2;66100;COCONUT_COUPON;682;44;;;;;683;44;;;;;682.5;0.0
2;66200;COCONUT_COUPON;682;37;;;;;683;37;;;;;682.5;0.0
2;66200;COCONUT;10112;107;10111;57;;;10113;107;10114;57;;;10112.5;0.0
2;66300;COCONUT_COUPON;683;25;;;;;684;38;;;;;683.5;0.0
2;66300;COCONUT;10112;107;10111;65;;;10114;172;;;;;10113.0;0.0
2;66400;COCONUT_COUPON;683;40;;;;;684;40;;;;;683.5;0.0
2;66400;COCONUT;10113;137;10112;69;;;10115;206;;;;;10114.0;0.0
2;66500;COCONUT;10113;128;10112;73;;;10115;201;;;;;10114.0;0.0
2;66500;COCONUT_COUPON;682;31;;;;;683;31;;;;;682.5;0.0
2;66600;COCONUT_COUPON;681;42;;;;;682;42;;;;;681.5;0.0
2;66600;COCONUT;10113;131;10112;57;;;10114;131;10115;57;;;10113.5;0.0
2;66700;COCONUT_COUPON;681;31;;;;;682;31;;;;;681.5;0.0
2;66700;COCONUT;10112;189;;;;;10114;137;10115;52;;;10113.0;0.0
2;66800;COCONUT_COUPON;681;45;;;;;682;45;;;;;681.5;0.0
2;66800;COCONUT;10113;132;10112;53;;;10114;132;10115;53;;;10113.5;0.0
2;66900;COCONUT;10114;117;10113;50;;;10116;167;;;;;10115.0;0.0
2;66900;COCONUT_COUPON;681;38;;;;;682;38;;;;;681.5;0.0
2;67000;COCONUT_COUPON;681;35;;;;;683;35;;;;;682.0;0.0
2;67000;COCONUT;10115;148;10114;45;;;10117;193;;;;;10116.0;0.0
2;67100;COCONUT_COUPON;682;38;;;;;683;38;;;;;682.5;0.0
2;67100;COCONUT;10115;107;10114;57;;;10117;164;;;;;10116.0;0.0
2;67200;COCONUT_COUPON;682;23;;;;;683;35;;;;;682.5;0.0
2;67200;COCONUT;10115;136;10114;43;;;10116;136;10117;43;;;10115.5;0.0
2;67300;COCONUT;10116;133;10115;60;;;10117;133;10118;60;;;10116.5;0.0
2;67300;COCONUT_COUPON;684;39;;;;;685;39;;;;;684.5;0.0
2;67400;COCONUT_COUPON;686;36;;;;;687;36;;;;;686.5;0.0
2;67400;COCONUT;10116;137;10115;45;;;10118;192;;;;;10117.0;0.0
2;67500;COCONUT_COUPON;688;43;;;;;689;43;;;;;688.5;0.0
2;67500;COCONUT;10117;109;10116;63;;;10118;118;10119;63;;;10117.5;0.0
2;67600;COCONUT_COUPON;687;45;;;;;688;45;;;;;687.5;0.0
2;67600;COCONUT;10115;105;10114;80;;;10117;192;;;;;10116.0;0.0
2;67700;COCONUT;10116;136;10115;48;;;10117;136;10118;48;;;10116.5;0.0
2;67700;COCONUT_COUPON;686;39;;;;;687;39;;;;;686.5;0.0
2;67800;COCONUT_COUPON;687;42;;;;;688;42;;;;;687.5;0.0
2;67800;COCONUT;10117;127;10116;47;;;10118;127;10119;47;;;10117.5;0.0
2;67900;COCONUT_COUPON;686;50;;;;;687;50;;;;;686.5;0.0
2;67900;COCONUT;10116;117;10115;56;;;10117;117;10118;56;;;10116.5;0.0
2;68000;COCONUT_COUPON;687;34;;;;;688;34;;;;;687.5;0.0
2;68000;COCONUT;10116;121;10115;73;;;10117;121;10118;73;;;10116.5;0.0
2;68100;COCONUT;10116;115;10115;50;;;10117;115;10118;50;;;10116.5;0.0
2;68100;COCONUT_COUPON;687;34;;;;;688;34;;;;;687.5;0.0
2;68200;COCONUT_COUPON;687;36;;;;;688;36;;;;;687.5;0.0
2;68200;COCONUT;10115;126;10114;76;;;10116;126;10117;76;;;10115.5;0.0
2;68300;COCONUT_COUPON;685;61;;;;;686;43;;;;;685.5;0.0
2;68300;COCONUT;10115;125;10114;55;;;10116;125;10117;55;;;10115.5;0.0
2;68400;COCONUT_COUPON;684;46;;;;;685;46;;;;;684.5;0.0
2;68400;COCONUT;10115;121;10114;64;;;10117;185;;;;;10116.0;0.0
2;68500;COCONUT;10115;126;10114;59;;;10116;126;10117;59;;;10115.5;0.0
2;68500;COCONUT_COUPON;687;34;;;;;688;34;;;;;687.5;0.0
2;68600;COCONUT_COUPON;690;33;;;;;691;33;;;;;690.5;0.0
2;68600;COCONUT;10116;131;10115;43;;;10118;131;10119;43;;;10117.0;0.0
2;68700;COCONUT_COUPON;690;41;;;;;691;41;;;;;690.5;0.0
2;68700;COCONUT;10116;129;10115;57;;;10117;129;10118;57;;;10116.5;0.0
2;68800;COCONUT_COUPON;690;51;;;;;691;51;;;;;690.5;0.0
2;68800;COCONUT;10116;103;10115;59;;;10117;103;10118;59;;;10116.5;0.0
2;68900;COCONUT;10116;137;10115;43;;;10117;137;10118;43;;;10116.5;0.0
2;68900;COCONUT_COUPON;691;32;;;;;692;32;;;;;691.5;0.0
2;69000;COCONUT_COUPON;691;43;;;;;692;43;;;;;691.5;0.0
2;69000;COCONUT;10115;6;10114;199;;;10116;133;10117;66;;;10115.5;0.0
2;69100;COCONUT_COUPON;690;21;689;24;;;691;38;;;;;690.5;0.0
2;69100;COCONUT;10115;120;10114;67;;;10116;120;10117;67;;;10115.5;0.0
2;69200;COCONUT_COUPON;691;37;;;;;692;37;;;;;691.5;0.0
2;69200;COCONUT;10115;120;10114;76;;;10117;196;;;;;10116.0;0.0
2;69300;COCONUT;10115;138;10114;74;;;10116;138;10117;74;;;10115.5;0.0
2;69300;COCONUT_COUPON;692;35;;;;;693;41;;;;;692.5;0.0
2;69400;COCONUT_COUPON;691;45;;;;;692;45;;;;;691.5;0.0
2;69400;COCONUT;10113;128;10112;57;;;10115;185;;;;;10114.0;0.0
2;69500;COCONUT_COUPON;691;36;;;;;692;36;;;;;691.5;0.0
2;69500;COCONUT;10113;152;10112;50;;;10114;147;10115;50;;;10113.5;0.0
2;69600;COCONUT_COUPON;691;23;;;;;692;43;;;;;691.5;0.0
2;69600;COCONUT;10112;179;;;;;10114;114;10115;65;;;10113.0;0.0
2;69700;COCONUT;10112;111;10111;56;;;10113;111;10114;56;;;10112.5;0.0
2;69700;COCONUT_COUPON;691;45;;;;;692;45;;;;;691.5;0.0
2;69800;COCONUT;10112;127;10111;66;;;10114;193;;;;;10113.0;0.0
2;69800;COCONUT_COUPON;690;31;;;;;691;31;;;;;690.5;0.0
2;69900;COCONUT;10110;128;10109;51;;;10112;179;;;;;10111.0;0.0
2;69900;COCONUT_COUPON;689;29;;;;;690;29;;;;;689.5;0.0
2;70000;COCONUT_COUPON;687;35;;;;;688;35;;;;;687.5;0.0
2;70000;COCONUT;10109;132;10108;52;;;10110;132;10111;52;;;10109.5;0.0
2;70100;COCONUT;10108;111;10107;42;;;10110;153;;;;;10109.0;0.0
2;70100;COCONUT_COUPON;686;46;;;;;687;46;;;;;686.5;0.0
2;70200;COCONUT;10108;137;10107;78;;;10109;137;10110;78;;;10108.5;0.0
2;70200;COCONUT_COUPON;687;44;;;;;688;37;;;;;687.5;0.0
2;70300;COCONUT;10108;110;10107;50;;;10109;110;10110;50;;;10108.5;0.0
2;70300;COCONUT_COUPON;689;45;;;;;690;45;;;;;689.5;0.0
2;70400;COCONUT;10109;136;10108;64;;;10110;136;10111;64;;;10109.5;0.0
2;70400;COCONUT_COUPON;690;29;;;;;691;29;;;;;690.5;0.0
2;70500;COCONUT_COUPON;690;44;;;;;691;44;;;;;690.5;0.0
2;70500;COCONUT;10108;104;10107;68;;;10110;172;;;;;10109.0;0.0
2;70600;COCONUT;10109;222;;;;;10111;142;10112;80;;;10110.0;0.0
2;70600;COCONUT_COUPON;692;39;;;;;693;39;;;;;692.5;0.0
2;70700;COCONUT;10108;126;10107;69;;;10110;195;;;;;10109.0;0.0
2;70700;COCONUT_COUPON;690;48;;;;;692;48;;;;;691.0;0.0
2;70800;COCONUT;10109;139;10108;40;;;10111;179;;;;;10110.0;0.0
2;70800;COCONUT_COUPON;691;29;;;;;693;29;;;;;692.0;0.0
2;70900;COCONUT_COUPON;691;32;;;;;693;32;;;;;692.0;0.0
2;70900;COCONUT;10109;171;;;;;10111;131;10112;40;;;10110.0;0.0
2;71000;COCONUT;10109;134;10108;49;;;10110;134;10111;49;;;10109.5;0.0
2;71000;COCONUT_COUPON;691;46;;;;;692;46;;;;;691.5;0.0
2;71100;COCONUT;10109;189;;;;;10111;127;10112;62;;;10110.0;0.0
2;71100;COCONUT_COUPON;693;43;;;;;694;43;;;;;693.5;0.0
2;71200;COCONUT;10109;149;10108;59;;;10110;149;10111;59;;;10109.5;0.0
2;71200;COCONUT_COUPON;692;30;;;;;693;30;;;;;692.5;0.0
2;71300;COCONUT_COUPON;693;33;;;;;695;33;;;;;694.0;0.0
2;71300;COCONUT;10110;124;10109;59;;;10112;183;;;;;10111.0;0.0
2;71400;COCONUT;10109;185;;;;;10111;110;10112;75;;;10110.0;0.0
2;71400;COCONUT_COUPON;693;55;;;;;694;38;;;;;693.5;0.0
2;71500;COCONUT;10110;190;;;;;10112;122;10113;68;;;10111.0;0.0
2;71500;COCONUT_COUPON;695;39;;;;;696;39;;;;;695.5;0.0
2;71600;COCONUT;10109;135;10108;43;;;10110;135;10111;43;;;10109.5;0.0
2;71600;COCONUT_COUPON;695;60;;;;;696;46;;;;;695.5;0.0
2;71700;COCONUT_COUPON;696;15;;;;;697;33;;;;;696.5;0.0
2;71700;COCONUT;10110;114;10109;73;;;10112;187;;;;;10111.0;0.0
2;71800;COCONUT;10112;107;10111;76;;;10113;107;10114;76;;;10112.5;0.0
2;71800;COCONUT_COUPON;699;37;;;;;700;37;;;;;699.5;0.0
2;71900;COCONUT;10111;100;10110;60;;;10113;160;;;;;10112.0;0.0
2;71900;COCONUT_COUPON;698;52;;;;;699;34;;;;;698.5;0.0
2;72000;COCONUT;10113;127;10112;61;;;10114;127;10115;61;;;10113.5;0.0
2;72000;COCONUT_COUPON;698;33;;;;;699;33;;;;;698.5;0.0
2;72100;COCONUT_COUPON;699;60;;;;;700;46;;;;;699.5;0.0
2;72100;COCONUT;10114;149;10113;77;;;10115;149;10116;77;;;10114.5;0.0
2;72200;COCONUT;10113;199;;;;;10115;141;10116;58;;;10114.0;0.0
2;72200;COCONUT_COUPON;699;36;;;;;700;36;;;;;699.5;0.0
2;72300;COCONUT;10114;150;10113;75;;;10116;225;;;;;10115.0;0.0
2;72300;COCONUT_COUPON;699;40;;;;;700;40;;;;;699.5;0.0
2;72400;COCONUT;10115;134;10114;57;;;10116;139;10117;57;;;10115.5;0.0
2;72400;COCONUT_COUPON;698;48;;;;;699;48;;;;;698.5;0.0
2;72500;COCONUT_COUPON;700;40;;;;;701;40;;;;;700.5;0.0
2;72500;COCONUT;10116;107;10115;49;;;10117;107;10118;49;;;10116.5;0.0
2;72600;COCONUT;10118;147;10117;56;;;10120;203;;;;;10119.0;0.0
2;72600;COCONUT_COUPON;700;33;;;;;701;33;;;;;700.5;0.0
2;72700;COCONUT;10118;134;10117;69;;;10119;134;10120;69;;;10118.5;0.0
2;72700;COCONUT_COUPON;701;33;;;;;702;33;;;;;701.5;0.0
2;72800;COCONUT;10116;133;10115;76;;;10117;133;10118;76;;;10116.5;0.0
2;72800;COCONUT_COUPON;700;34;;;;;701;34;;;;;700.5;0.0
2;72900;COCONUT_COUPON;701;38;;;;;702;38;;;;;701.5;0.0
2;72900;COCONUT;10117;145;10116;71;;;10118;145;10119;71;;;10117.5;0.0
2;73000;COCONUT;10116;123;10115;43;;;10118;166;;;;;10117.0;0.0
2;73000;COCONUT_COUPON;700;35;;;;;701;47;;;;;700.5;0.0
2;73100;COCONUT;10116;179;;;;;10118;130;10119;49;;;10117.0;0.0
2;73100;COCONUT_COUPON;701;37;;;;;702;37;;;;;701.5;0.0
2;73200;COCONUT;10117;115;10116;53;;;10118;115;10119;53;;;10117.5;0.0
2;73200;COCONUT_COUPON;699;51;;;;;701;51;;;;;700.0;0.0
2;73300;COCONUT_COUPON;699;33;;;;;701;33;;;;;700.0;0.0
2;73300;COCONUT;10117;122;10116;64;;;10118;122;10119;64;;;10117.5;0.0
2;73400;COCONUT;10117;113;10116;45;;;10118;113;10119;45;;;10117.5;0.0
2;73400;COCONUT_COUPON;700;48;;;;;701;48;;;;;700.5;0.0
2;73500;COCONUT;10116;167;;;;;10118;115;10119;52;;;10117.0;0.0
2;73500;COCONUT_COUPON;700;34;;;;;701;34;;;;;700.5;0.0
2;73600;COCONUT;10116;175;;;;;10118;118;10119;57;;;10117.0;0.0
2;73600;COCONUT_COUPON;700;47;;;;;701;47;;;;;700.5;0.0
2;73700;COCONUT_COUPON;699;35;;;;;700;35;;;;;699.5;0.0
2;73700;COCONUT;10115;138;10114;56;;;10117;194;;;;;10116.0;0.0
2;73800;COCONUT;10114;130;10113;46;;;10115;130;10116;46;;;10114.5;0.0
2;73800;COCONUT_COUPON;698;38;;;;;699;38;;;;;698.5;0.0
2;73900;COCONUT;10114;137;10113;41;;;10116;178;;;;;10115.0;0.0
2;73900;COCONUT_COUPON;697;49;;;;;698;49;;;;;697.5;0.0
2;74000;COCONUT;10112;176;;;;;10114;113;10115;63;;;10113.0;0.0
2;74000;COCONUT_COUPON;696;42;;;;;698;42;;;;;697.0;0.0
2;74100;COCONUT_COUPON;696;43;;;;;697;43;;;;;696.5;0.0
2;74100;COCONUT;10113;133;10112;43;;;10115;176;;;;;10114.0;0.0
2;74200;COCONUT;10114;122;10113;63;;;10115;122;10116;63;;;10114.5;0.0
2;74200;COCONUT_COUPON;694;48;;;;;695;48;;;;;694.5;0.0
2;74300;COCONUT;10114;133;10113;80;;;10115;124;10116;80;;;10114.5;0.0
2;74300;COCONUT_COUPON;692;51;;;;;693;51;;;;;692.5;0.0
2;74400;COCONUT;10114;109;10113;41;;;10116;150;;;;;10115.0;0.0
2;74400;COCONUT_COUPON;691;39;;;;;693;39;;;;;692.0;0.0
2;74500;COCONUT_COUPON;690;41;;;;;691;41;;;;;690.5;0.0
2;74500;COCONUT;10114;152;;;;;10116;108;10117;44;;;10115.0;0.0
2;74600;COCONUT_COUPON;692;29;;;;;693;29;;;;;692.5;0.0
2;74600;COCONUT;10113;179;;;;;10115;106;10116;73;;;10114.0;0.0
2;74700;COCONUT;10112;181;;;;;10113;5;10114;104;10115;77;10112.5;0.0
2;74700;COCONUT_COUPON;691;33;;;;;692;33;;;;;691.5;0.0
2;74800;COCONUT_COUPON;691;32;;;;;692;32;;;;;691.5;0.0
2;74800;COCONUT;10113;105;10112;53;;;10114;105;10115;53;;;10113.5;0.0
2;74900;COCONUT_COUPON;691;22;;;;;692;36;;;;;691.5;0.0
2;74900;COCONUT;10114;114;10113;68;;;10116;182;;;;;10115.0;0.0
2;75000;COCONUT_COUPON;692;36;;;;;693;36;;;;;692.5;0.0
2;75000;COCONUT;10114;173;;;;;10116;129;10117;44;;;10115.0;0.0
2;75100;COCONUT;10114;115;10113;41;;;10115;115;10116;41;;;10114.5;0.0
2;75100;COCONUT_COUPON;693;39;;;;;694;39;;;;;693.5;0.0
2;75200;COCONUT_COUPON;694;45;;;;;695;45;;;;;694.5;0.0
2;75200;COCONUT;10114;170;;;;;10116;126;10117;44;;;10115.0;0.0
2;75300;COCONUT_COUPON;693;34;;;;;694;34;;;;;693.5;0.0
2;75300;COCONUT;10115;111;10114;80;;;10117;191;;;;;10116.0;0.0
2;75400;COCONUT_COUPON;692;41;;;;;693;41;;;;;692.5;0.0
2;75400;COCONUT;10115;138;10114;40;;;10116;138;10117;40;;;10115.5;0.0
2;75500;COCONUT;10114;200;;;;;10115;5;10116;134;10117;66;10114.5;0.0
2;75500;COCONUT_COUPON;693;33;;;;;694;33;;;;;693.5;0.0
2;75600;COCONUT_COUPON;693;38;;;;;694;38;;;;;693.5;0.0
2;75600;COCONUT;10114;134;10113;76;;;10116;134;10117;76;;;10115.0;0.0
2;75700;COCONUT_COUPON;694;36;;;;;695;36;;;;;694.5;0.0
2;75700;COCONUT;10113;112;10112;79;;;10114;112;10115;79;;;10113.5;0.0
2;75800;COCONUT_COUPON;692;34;;;;;694;34;;;;;693.0;0.0
2;75800;COCONUT;10112;129;10111;54;;;10113;129;10114;54;;;10112.5;0.0
2;75900;COCONUT;10112;226;;;;;10114;147;10115;79;;;10113.0;0.0
2;75900;COCONUT_COUPON;690;44;;;;;692;44;;;;;691.0;0.0
2;76000;COCONUT_COUPON;691;17;;;;;692;34;;;;;691.5;0.0
2;76000;COCONUT;10113;124;10112;51;;;10115;124;10116;51;;;10114.0;0.0
2;76100;COCONUT_COUPON;692;36;;;;;693;36;;;;;692.5;0.0
2;76100;COCONUT;10113;103;10112;47;;;10114;103;10115;47;;;10113.5;0.0
2;76200;COCONUT_COUPON;691;42;;;;;692;42;;;;;691.5;0.0
2;76200;COCONUT;10112;158;10111;63;;;10113;149;10114;63;;;10112.5;0.0
2;76300;COCONUT;10113;114;10112;51;;;10115;165;;;;;10114.0;0.0
2;76300;COCONUT_COUPON;692;34;;;;;693;34;;;;;692.5;0.0
2;76400;COCONUT_COUPON;693;36;;;;;694;36;;;;;693.5;0.0
2;76400;COCONUT;10115;101;10114;70;;;10117;171;;;;;10116.0;0.0
2;76500;COCONUT_COUPON;693;34;;;;;694;34;;;;;693.5;0.0
2;76500;COCONUT;10114;129;10113;72;;;10115;129;10116;72;;;10114.5;0.0
2;76600;COCONUT_COUPON;693;44;;;;;694;44;;;;;693.5;0.0
2;76600;COCONUT;10113;151;10112;65;;;10114;141;10115;65;;;10113.5;0.0
2;76700;COCONUT;10114;158;10113;41;;;10115;149;10116;41;;;10114.5;0.0
2;76700;COCONUT_COUPON;694;47;;;;;695;47;;;;;694.5;0.0
2;76800;COCONUT_COUPON;694;42;;;;;695;42;;;;;694.5;0.0
2;76800;COCONUT;10116;127;10115;74;;;10117;127;10118;74;;;10116.5;0.0
2;76900;COCONUT_COUPON;695;37;;;;;696;37;;;;;695.5;0.0
2;76900;COCONUT;10116;146;10115;54;;;10117;146;10118;54;;;10116.5;0.0
2;77000;COCONUT_COUPON;697;33;;;;;698;33;;;;;697.5;0.0
2;77000;COCONUT;10116;204;;;;;10117;6;10118;132;10119;72;10116.5;0.0
2;77100;COCONUT;10116;110;10115;70;;;10117;110;10118;70;;;10116.5;0.0
2;77100;COCONUT_COUPON;696;39;;;;;697;39;;;;;696.5;0.0
2;77200;COCONUT_COUPON;699;40;;;;;700;40;;;;;699.5;0.0
2;77200;COCONUT;10118;119;10117;57;;;10119;119;10120;57;;;10118.5;0.0
2;77300;COCONUT_COUPON;701;50;;;;;702;50;;;;;701.5;0.0
2;77300;COCONUT;10118;121;10117;76;;;10119;121;10120;76;;;10118.5;0.0
2;77400;COCONUT_COUPON;701;51;;;;;703;51;;;;;702.0;0.0
2;77400;COCONUT;10119;190;;;;;10121;137;10122;53;;;10120.0;0.0
2;77500;COCONUT;10119;149;10118;55;;;10120;149;10121;55;;;10119.5;0.0
2;77500;COCONUT_COUPON;701;48;;;;;702;48;;;;;701.5;0.0
2;77600;COCONUT_COUPON;702;44;;;;;703;44;;;;;702.5;0.0
2;77600;COCONUT;10118;166;;;;;10120;109;10121;57;;;10119.0;0.0
2;77700;COCONUT_COUPON;704;36;;;;;705;36;;;;;704.5;0.0
2;77700;COCONUT;10119;120;10118;52;;;10120;120;10121;52;;;10119.5;0.0
2;77800;COCONUT_COUPON;703;2;702;29;;;704;31;;;;;703.5;0.0
2;77800;COCONUT;10120;139;10119;59;;;10121;139;10122;59;;;10120.5;0.0
2;77900;COCONUT;10120;133;10119;61;;;10121;133;10122;61;;;10120.5;0.0
2;77900;COCONUT_COUPON;703;40;;;;;704;40;;;;;703.5;0.0
2;78000;COCONUT_COUPON;705;51;;;;;706;51;;;;;705.5;0.0
2;78000;COCONUT;10119;132;10118;49;;;10121;181;;;;;10120.0;0.0
2;78100;COCONUT_COUPON;707;31;;;;;708;31;;;;;707.5;0.0
2;78100;COCONUT;10120;184;;;;;10122;140;10123;44;;;10121.0;0.0
2;78200;COCONUT_COUPON;705;34;;;;;707;34;;;;;706.0;0.0
2;78200;COCONUT;10120;175;;;;;10122;119;10123;56;;;10121.0;0.0
2;78300;COCONUT;10120;144;10119;72;;;10121;144;10122;72;;;10120.5;0.0
2;78300;COCONUT_COUPON;704;43;;;;;705;43;;;;;704.5;0.0
2;78400;COCONUT_COUPON;705;46;;;;;706;46;;;;;705.5;0.0
2;78400;COCONUT;10121;111;10120;49;;;10122;111;10123;49;;;10121.5;0.0
2;78500;COCONUT_COUPON;704;25;;;;;705;39;;;;;704.5;0.0
2;78500;COCONUT;10119;122;10118;70;;;10121;192;;;;;10120.0;0.0
2;78600;COCONUT_COUPON;705;40;;;;;706;40;;;;;705.5;0.0
2;78600;COCONUT;10120;136;10119;48;;;10121;129;10122;48;;;10120.5;0.0
2;78700;COCONUT;10120;140;10119;74;;;10122;204;;;;;10121.0;0.0
2;78700;COCONUT_COUPON;706;33;;;;;707;33;;;;;706.5;0.0
2;78800;COCONUT;10120;136;10119;78;;;10121;127;10122;78;;;10120.5;0.0
2;78800;COCONUT_COUPON;705;42;;;;;706;42;;;;;705.5;0.0
2;78900;COCONUT;10121;132;10120;54;;;10122;132;10123;54;;;10121.5;0.0
2;78900;COCONUT_COUPON;704;45;;;;;705;45;;;;;704.5;0.0
2;79000;COCONUT_COUPON;705;37;;;;;706;37;;;;;705.5;0.0
2;79000;COCONUT;10120;199;;;;;10122;119;10123;80;;;10121.0;0.0
2;79100;COCONUT_COUPON;705;62;;;;;706;20;707;24;;;705.5;0.0
2;79100;COCONUT;10120;119;10119;79;;;10121;119;10122;79;;;10120.5;0.0
2;79200;COCONUT;10121;103;10120;49;;;10122;103;10123;49;;;10121.5;0.0
2;79200;COCONUT_COUPON;707;17;706;33;;;708;33;;;;;707.5;0.0
2;79300;COCONUT;10120;167;;;;;10122;127;10123;40;;;10121.0;0.0
2;79300;COCONUT_COUPON;705;43;;;;;706;43;;;;;705.5;0.0
2;79400;COCONUT;10120;135;10119;50;;;10122;185;;;;;10121.0;0.0
2;79400;COCONUT_COUPON;704;33;;;;;705;33;;;;;704.5;0.0
2;79500;COCONUT_COUPON;703;42;;;;;704;42;;;;;703.5;0.0
2;79500;COCONUT;10120;107;10119;80;;;10121;107;10122;80;;;10120.5;0.0
2;79600;COCONUT;10119;120;10118;75;;;10120;120;10121;75;;;10119.5;0.0
2;79600;COCONUT_COUPON;703;35;;;;;704;35;;;;;703.5;0.0
2;79700;COCONUT;10118;113;10117;80;;;10120;193;;;;;10119.0;0.0
2;79700;COCONUT_COUPON;702;52;;;;;703;35;;;;;702.5;0.0
2;79800;COCONUT;10120;107;10119;78;;;10122;186;;;;;10121.0;0.0
2;79800;COCONUT_COUPON;702;33;;;;;704;33;;;;;703.0;0.0
2;79900;COCONUT_COUPON;703;42;;;;;704;42;;;;;703.5;0.0
2;79900;COCONUT;10121;6;10120;192;;;10122;135;10123;57;;;10121.5;0.0
2;80000;COCONUT;10121;132;10120;72;;;10122;132;10123;72;;;10121.5;0.0
2;80000;COCONUT_COUPON;703;34;;;;;704;49;;;;;703.5;0.0
2;80100;COCONUT;10120;184;;;;;10122;125;10123;59;;;10121.0;0.0
2;80100;COCONUT_COUPON;703;35;;;;;704;16;705;19;;;703.5;0.0
2;80200;COCONUT;10122;143;10121;46;;;10123;143;10124;46;;;10122.5;0.0
2;80200;COCONUT_COUPON;703;20;;;;;704;1;705;31;;;703.5;0.0
2;80300;COCONUT_COUPON;703;36;;;;;704;36;;;;;703.5;0.0
2;80300;COCONUT;10121;107;10120;63;;;10123;170;;;;;10122.0;0.0
2;80400;COCONUT;10121;146;10120;54;;;10122;146;10123;54;;;10121.5;0.0
2;80400;COCONUT_COUPON;704;44;;;;;705;44;;;;;704.5;0.0
2;80500;COCONUT;10122;134;10121;61;;;10123;134;10124;61;;;10122.5;0.0
2;80500;COCONUT_COUPON;704;32;;;;;705;32;;;;;704.5;0.0
2;80600;COCONUT;10121;149;10120;78;;;10122;149;10123;78;;;10121.5;0.0
2;80600;COCONUT_COUPON;703;31;;;;;704;31;;;;;703.5;0.0
2;80700;COCONUT_COUPON;704;44;;;;;705;44;;;;;704.5;0.0
2;80700;COCONUT;10122;200;;;;;10123;8;10124;134;10125;66;10122.5;0.0
2;80800;COCONUT;10122;143;10121;40;;;10123;143;10124;40;;;10122.5;0.0
2;80800;COCONUT_COUPON;704;49;;;;;705;34;;;;;704.5;0.0
2;80900;COCONUT;10122;143;10121;59;;;10124;202;;;;;10123.0;0.0
2;80900;COCONUT_COUPON;705;42;;;;;706;42;;;;;705.5;0.0
2;81000;COCONUT;10121;167;;;;;10123;123;10124;44;;;10122.0;0.0
2;81000;COCONUT_COUPON;704;32;;;;;706;32;;;;;705.0;0.0
2;81100;COCONUT_COUPON;705;51;;;;;706;42;;;;;705.5;0.0
2;81100;COCONUT;10121;112;10120;57;;;10123;164;;;;;10122.0;0.0
2;81200;COCONUT;10123;183;;;;;10125;132;10126;51;;;10124.0;0.0
2;81200;COCONUT_COUPON;706;29;;;;;707;36;;;;;706.5;0.0
2;81300;COCONUT;10122;113;10121;41;;;10124;154;;;;;10123.0;0.0
2;81300;COCONUT_COUPON;705;35;;;;;706;35;;;;;705.5;0.0
2;81400;COCONUT;10122;196;;;;;10124;129;10125;67;;;10123.0;0.0
2;81400;COCONUT_COUPON;706;30;;;;;707;30;;;;;706.5;0.0
2;81500;COCONUT_COUPON;706;42;;;;;707;42;;;;;706.5;0.0
2;81500;COCONUT;10124;123;10123;77;;;10125;123;10126;77;;;10124.5;0.0
2;81600;COCONUT;10124;144;10123;65;;;10125;144;10126;65;;;10124.5;0.0
2;81600;COCONUT_COUPON;707;42;;;;;708;42;;;;;707.5;0.0
2;81700;COCONUT;10125;110;10124;59;;;10126;110;10127;59;;;10125.5;0.0
2;81700;COCONUT_COUPON;708;27;;;;;709;27;;;;;708.5;0.0
2;81800;COCONUT;10124;150;10123;80;;;10126;230;;;;;10125.0;0.0
2;81800;COCONUT_COUPON;707;34;;;;;708;34;;;;;707.5;0.0
2;81900;COCONUT_COUPON;707;42;;;;;708;42;;;;;707.5;0.0
2;81900;COCONUT;10125;125;10124;43;;;10126;117;10127;43;;;10125.5;0.0
