timestamp;buyer;seller;symbol;currency;price;quantity
0;Vinnie;Ruby;AMETHYSTS;SEASHELLS;9996.0;1
0;Remy;Valentina;STARFRUIT;SEASHELLS;5003.0;1
0;Remy;Ruby;AMETHYSTS;SEASHELLS;9996.0;1
100;Ruby;Valentina;STARFRUIT;SEASHELLS;5004.0;6
900;Rhianna;Valentina;STARFRUIT;SEASHELLS;5001.0;2
1000;Vinnie;Ruby;STARFRUIT;SEASHELLS;4997.0;2
1100;Valentina;Remy;STARFRUIT;SEASHELLS;4997.0;1
1500;Remy;Valentina;STARFRUIT;SEASHELLS;5003.0;1
1500;Remy;Vinnie;AMETHYSTS;SEASHELLS;10004.0;1
1800;Ruby;Valentina;STARFRUIT;SEASHELLS;5001.0;10
1800;Ruby;Vladimir;STARFRUIT;SEASHELLS;5001.0;1
1800;Remy;Vladimir;STARFRUIT;SEASHELLS;5002.0;1
2000;Remy;Vladimir;STARFRUIT;SEASHELLS;5002.0;1
2100;Rhianna;Valentina;STARFRUIT;SEASHELLS;5001.0;4
2500;Valentina;Remy;AMETHYSTS;SEASHELLS;9998.0;1
2500;Valentina;Ruby;STARFRUIT;SEASHELLS;4996.0;11
3200;Vinnie;Remy;AMETHYSTS;SEASHELLS;9996.0;1
3200;Valentina;Remy;STARFRUIT;SEASHELLS;4996.0;1
3300;Vladimir;Remy;STARFRUIT;SEASHELLS;4997.0;2
3300;Valentina;Remy;AMETHYSTS;SEASHELLS;9995.0;2
3600;Ruby;Valentina;AMETHYSTS;SEASHELLS;10005.0;6
3900;Remy;Vladimir;STARFRUIT;SEASHELLS;5002.0;1
4000;Vladimir;Rhianna;AMETHYSTS;SEASHELLS;9998.0;1
4200;Ruby;Vinnie;AMETHYSTS;SEASHELLS;10004.0;2
4200;Ruby;Valentina;AMETHYSTS;SEASHELLS;10004.0;1
4200;Vinnie;Remy;STARFRUIT;SEASHELLS;4998.0;1
4400;Ruby;Vladimir;STARFRUIT;SEASHELLS;5002.0;2
4500;Valentina;Ruby;STARFRUIT;SEASHELLS;4997.0;8
4500;Vinnie;Ruby;STARFRUIT;SEASHELLS;4997.0;1
5800;Valentina;Ruby;STARFRUIT;SEASHELLS;4999.0;7
6500;Vinnie;Rhianna;STARFRUIT;SEASHELLS;5000.0;5
6600;Valentina;Remy;STARFRUIT;SEASHELLS;4999.0;1
6700;Vladimir;Remy;AMETHYSTS;SEASHELLS;9998.0;2
6700;Valentina;Remy;STARFRUIT;SEASHELLS;4998.0;2
6700;Valentina;Rhianna;STARFRUIT;SEASHELLS;4999.0;4
7100;Valentina;Rhianna;STARFRUIT;SEASHELLS;4999.0;5
7200;Ruby;Valentina;STARFRUIT;SEASHELLS;5005.0;4
7300;Vinnie;Remy;STARFRUIT;SEASHELLS;4998.0;1
7400;Remy;Valentina;STARFRUIT;SEASHELLS;5005.0;1
7400;Remy;Vladimir;AMETHYSTS;SEASHELLS;10002.0;1
7400;Remy;Valentina;STARFRUIT;SEASHELLS;5003.0;1
7500;Remy;Valentina;AMETHYSTS;SEASHELLS;10002.0;1
7800;Rhianna;Valentina;STARFRUIT;SEASHELLS;5002.0;1
7800;Rhianna;Vladimir;STARFRUIT;SEASHELLS;5002.0;1
8600;Remy;Valentina;STARFRUIT;SEASHELLS;5004.0;1
8600;Remy;Vladimir;AMETHYSTS;SEASHELLS;10002.0;1
8700;Adam;Valentina;STARFRUIT;SEASHELLS;5002.0;9
8700;Remy;Valentina;STARFRUIT;SEASHELLS;5004.0;2
8700;Remy;Vladimir;AMETHYSTS;SEASHELLS;10002.0;2
8800;Remy;Valentina;STARFRUIT;SEASHELLS;5003.0;1
8800;Remy;Valentina;AMETHYSTS;SEASHELLS;10002.0;1
9600;Vinnie;Ruby;AMETHYSTS;SEASHELLS;10000.0;3
10100;Vinnie;Remy;AMETHYSTS;SEASHELLS;9998.0;1
10200;Vinnie;Remy;STARFRUIT;SEASHELLS;4996.0;1
10200;Vinnie;Remy;AMETHYSTS;SEASHELLS;9996.0;1
11100;Remy;Valentina;AMETHYSTS;SEASHELLS;10005.0;2
11100;Amelia;Valentina;STARFRUIT;SEASHELLS;5005.0;12
11100;Remy;Valentina;STARFRUIT;SEASHELLS;5005.0;2
11300;Valentina;Remy;STARFRUIT;SEASHELLS;4998.0;1
11400;Valentina;Remy;STARFRUIT;SEASHELLS;4997.0;1
12000;Valentina;Rhianna;STARFRUIT;SEASHELLS;4999.0;2
12000;Vladimir;Rhianna;STARFRUIT;SEASHELLS;4999.0;2
13000;Rhianna;Valentina;STARFRUIT;SEASHELLS;5001.0;2
13000;Valentina;Remy;AMETHYSTS;SEASHELLS;9998.0;1
13500;Valentina;Remy;STARFRUIT;SEASHELLS;4998.0;1
13600;Vinnie;Remy;AMETHYSTS;SEASHELLS;9998.0;1
13900;Valentina;Remy;STARFRUIT;SEASHELLS;4998.0;2
13900;Vinnie;Remy;AMETHYSTS;SEASHELLS;9996.0;1
13900;Valentina;Remy;AMETHYSTS;SEASHELLS;9996.0;1
14000;Ruby;Valentina;AMETHYSTS;SEASHELLS;10005.0;7
14300;Valentina;Remy;STARFRUIT;SEASHELLS;4998.0;1
15000;Vladimir;Remy;STARFRUIT;SEASHELLS;4998.0;1
15100;Ruby;Valentina;AMETHYSTS;SEASHELLS;10005.0;4
15400;Rhianna;Vladimir;AMETHYSTS;SEASHELLS;10002.0;5
16400;Valentina;Vinnie;STARFRUIT;SEASHELLS;4998.0;6
17000;Ruby;Valentina;STARFRUIT;SEASHELLS;5003.0;9
17200;Valentina;Remy;STARFRUIT;SEASHELLS;4996.0;1
17300;Remy;Vladimir;AMETHYSTS;SEASHELLS;10002.0;1
17400;Amelia;Valentina;STARFRUIT;SEASHELLS;5003.0;10
18000;Ruby;Valentina;STARFRUIT;SEASHELLS;5002.0;4
18100;Valentina;Remy;STARFRUIT;SEASHELLS;4996.0;1
18200;Vladimir;Remy;AMETHYSTS;SEASHELLS;9998.0;1
18200;Vladimir;Ruby;STARFRUIT;SEASHELLS;4996.0;8
18300;Remy;Valentina;AMETHYSTS;SEASHELLS;10005.0;2
18300;Vladimir;Remy;AMETHYSTS;SEASHELLS;9998.0;1
18300;Remy;Vladimir;STARFRUIT;SEASHELLS;5000.0;2
18500;Ruby;Valentina;AMETHYSTS;SEASHELLS;10005.0;5
18600;Valentina;Remy;STARFRUIT;SEASHELLS;4996.0;1
19200;Valentina;Remy;STARFRUIT;SEASHELLS;4996.0;1
19400;Vinnie;Remy;STARFRUIT;SEASHELLS;4996.0;1
19500;Remy;Valentina;AMETHYSTS;SEASHELLS;10002.0;1
19600;Rhianna;Valentina;AMETHYSTS;SEASHELLS;10002.0;1
19900;Remy;Valentina;AMETHYSTS;SEASHELLS;10002.0;1
20200;Rhianna;Valentina;AMETHYSTS;SEASHELLS;10002.0;1
20300;Remy;Valentina;STARFRUIT;SEASHELLS;5002.0;1
20600;Valentina;Remy;AMETHYSTS;SEASHELLS;9998.0;1
20600;Valentina;Amelia;AMETHYSTS;SEASHELLS;9995.0;9
20900;Remy;Valentina;STARFRUIT;SEASHELLS;5002.0;1
20900;Remy;Remy;AMETHYSTS;SEASHELLS;9998.0;1
21300;Remy;Vladimir;AMETHYSTS;SEASHELLS;10002.0;1
21300;Remy;Valentina;STARFRUIT;SEASHELLS;5002.0;1
21400;Remy;Vladimir;STARFRUIT;SEASHELLS;5001.0;1
21800;Remy;Vladimir;STARFRUIT;SEASHELLS;5001.0;1
22300;Valentina;Remy;STARFRUIT;SEASHELLS;4997.0;1
22700;Amelia;Rhianna;AMETHYSTS;SEASHELLS;9998.0;1
22900;Valentina;Rhianna;STARFRUIT;SEASHELLS;4998.0;2
23000;Adam;Rhianna;AMETHYSTS;SEASHELLS;9998.0;4
23100;Remy;Vladimir;STARFRUIT;SEASHELLS;5001.0;1
23300;Vinnie;Rhianna;AMETHYSTS;SEASHELLS;9998.0;2
23900;Valentina;Rhianna;AMETHYSTS;SEASHELLS;9998.0;3
23900;Valentina;Ruby;AMETHYSTS;SEASHELLS;9995.0;8
24000;Rhianna;Vladimir;STARFRUIT;SEASHELLS;5001.0;3
24200;Valentina;Ruby;STARFRUIT;SEASHELLS;4996.0;5
24300;Remy;Ruby;AMETHYSTS;SEASHELLS;10002.0;1
24500;Remy;Valentina;STARFRUIT;SEASHELLS;5002.0;1
24600;Valentina;Ruby;AMETHYSTS;SEASHELLS;9996.0;2
24600;Vinnie;Ruby;AMETHYSTS;SEASHELLS;9996.0;2
24700;Ruby;Vladimir;STARFRUIT;SEASHELLS;5001.0;6
25100;Remy;Valentina;STARFRUIT;SEASHELLS;5001.0;1
25100;Remy;Valentina;AMETHYSTS;SEASHELLS;10002.0;1
25400;Valentina;Ruby;STARFRUIT;SEASHELLS;4995.0;7
25600;Remy;Vladimir;STARFRUIT;SEASHELLS;4999.0;2
25600;Remy;Vinnie;AMETHYSTS;SEASHELLS;10004.0;2
25700;Adam;Valentina;AMETHYSTS;SEASHELLS;10002.0;3
25700;Adam;Vladimir;AMETHYSTS;SEASHELLS;10002.0;8
26300;Valentina;Remy;STARFRUIT;SEASHELLS;4994.0;1
26400;Valentina;Remy;STARFRUIT;SEASHELLS;4994.0;1
26400;Amelia;Valentina;AMETHYSTS;SEASHELLS;10005.0;9
26700;Remy;Vladimir;STARFRUIT;SEASHELLS;4998.0;1
27000;Remy;Valentina;AMETHYSTS;SEASHELLS;10002.0;1
27000;Valentina;Rhianna;STARFRUIT;SEASHELLS;4993.0;4
27200;Valentina;Remy;STARFRUIT;SEASHELLS;4991.0;1
27300;Ruby;Valentina;STARFRUIT;SEASHELLS;4998.0;11
27700;Vinnie;Rhianna;AMETHYSTS;SEASHELLS;9998.0;3
27700;Valentina;Rhianna;AMETHYSTS;SEASHELLS;9998.0;1
27900;Rhianna;Valentina;AMETHYSTS;SEASHELLS;10002.0;4
28000;Remy;Valentina;STARFRUIT;SEASHELLS;4999.0;1
28000;Remy;Valentina;AMETHYSTS;SEASHELLS;10005.0;1
28300;Remy;Vladimir;STARFRUIT;SEASHELLS;4997.0;1
28300;Valentina;Rhianna;AMETHYSTS;SEASHELLS;9998.0;2
28300;Remy;Rhianna;AMETHYSTS;SEASHELLS;9998.0;1
28600;Valentina;Remy;AMETHYSTS;SEASHELLS;9998.0;1
29400;Remy;Valentina;AMETHYSTS;SEASHELLS;10005.0;2
29400;Remy;Valentina;STARFRUIT;SEASHELLS;4998.0;2
29500;Vladimir;Rhianna;AMETHYSTS;SEASHELLS;9998.0;3
29500;Valentina;Rhianna;AMETHYSTS;SEASHELLS;9998.0;2
29900;Remy;Vladimir;STARFRUIT;SEASHELLS;4995.0;1
30300;Remy;Valentina;STARFRUIT;SEASHELLS;4996.0;1
30400;Valentina;Remy;STARFRUIT;SEASHELLS;4991.0;1
30400;Ruby;Vinnie;AMETHYSTS;SEASHELLS;10004.0;1
30400;Ruby;Valentina;AMETHYSTS;SEASHELLS;10004.0;6
30900;Valentina;Remy;STARFRUIT;SEASHELLS;4992.0;1
31000;Vinnie;Remy;AMETHYSTS;SEASHELLS;9996.0;1
31000;Valentina;Remy;STARFRUIT;SEASHELLS;4992.0;1
31200;Valentina;Remy;STARFRUIT;SEASHELLS;4992.0;1
31300;Remy;Valentina;STARFRUIT;SEASHELLS;4997.0;1
31300;Valentina;Remy;AMETHYSTS;SEASHELLS;9998.0;1
31400;Ruby;Valentina;STARFRUIT;SEASHELLS;4999.0;4
31600;Rhianna;Valentina;AMETHYSTS;SEASHELLS;10002.0;3
31800;Remy;Valentina;AMETHYSTS;SEASHELLS;10002.0;1
32100;Valentina;Remy;STARFRUIT;SEASHELLS;4991.0;1
32100;Rhianna;Vladimir;AMETHYSTS;SEASHELLS;10002.0;4
32500;Remy;Valentina;AMETHYSTS;SEASHELLS;10002.0;1
32700;Remy;Valentina;STARFRUIT;SEASHELLS;4996.0;1
32800;Valentina;Remy;STARFRUIT;SEASHELLS;4990.0;2
32800;Vinnie;Amelia;STARFRUIT;SEASHELLS;4991.0;2
32800;Valentina;Remy;AMETHYSTS;SEASHELLS;9995.0;2
32800;Vinnie;Ruby;AMETHYSTS;SEASHELLS;9996.0;2
33200;Vladimir;Remy;STARFRUIT;SEASHELLS;4990.0;1
33300;Remy;Adam;STARFRUIT;SEASHELLS;4995.0;1
33300;Valentina;Adam;STARFRUIT;SEASHELLS;4991.0;8
33500;Rhianna;Vladimir;AMETHYSTS;SEASHELLS;10002.0;3
33900;Remy;Valentina;STARFRUIT;SEASHELLS;4995.0;1
34000;Remy;Remy;STARFRUIT;SEASHELLS;4995.0;1
34000;Vladimir;Remy;AMETHYSTS;SEASHELLS;9998.0;1
34100;Rhianna;Valentina;AMETHYSTS;SEASHELLS;10002.0;1
35000;Valentina;Rhianna;STARFRUIT;SEASHELLS;4993.0;4
35300;Vladimir;Remy;STARFRUIT;SEASHELLS;4993.0;1
35600;Remy;Valentina;AMETHYSTS;SEASHELLS;10002.0;1
35800;Vladimir;Remy;STARFRUIT;SEASHELLS;4993.0;1
36200;Valentina;Rhianna;STARFRUIT;SEASHELLS;4994.0;3
36300;Remy;Valentina;STARFRUIT;SEASHELLS;4999.0;1
36300;Remy;Valentina;AMETHYSTS;SEASHELLS;10005.0;1
36500;Ruby;Valentina;AMETHYSTS;SEASHELLS;10005.0;4
36800;Vinnie;Remy;STARFRUIT;SEASHELLS;4993.0;1
37200;Amelia;Valentina;STARFRUIT;SEASHELLS;4998.0;10
37400;Remy;Valentina;AMETHYSTS;SEASHELLS;10002.0;1
37900;Valentina;Ruby;AMETHYSTS;SEASHELLS;9995.0;4
38000;Valentina;Amelia;STARFRUIT;SEASHELLS;4991.0;11
38400;Ruby;Vinnie;AMETHYSTS;SEASHELLS;10004.0;2
38500;Adam;Valentina;AMETHYSTS;SEASHELLS;10002.0;6
38500;Remy;Vladimir;STARFRUIT;SEASHELLS;4996.0;1
38800;Vinnie;Rhianna;STARFRUIT;SEASHELLS;4993.0;5
38900;Valentina;Remy;STARFRUIT;SEASHELLS;4991.0;2
38900;Valentina;Remy;AMETHYSTS;SEASHELLS;9995.0;2
39100;Ruby;Vladimir;AMETHYSTS;SEASHELLS;10002.0;5
39300;Vinnie;Remy;STARFRUIT;SEASHELLS;4993.0;1
39300;Vinnie;Remy;AMETHYSTS;SEASHELLS;9996.0;1
39400;Vladimir;Remy;STARFRUIT;SEASHELLS;4993.0;1
39500;Remy;Valentina;STARFRUIT;SEASHELLS;4998.0;1
39800;Valentina;Rhianna;STARFRUIT;SEASHELLS;4993.0;4
40100;Vinnie;Amelia;STARFRUIT;SEASHELLS;4992.0;1
40200;Rhianna;Valentina;STARFRUIT;SEASHELLS;4997.0;5
40300;Valentina;Rhianna;STARFRUIT;SEASHELLS;4994.0;2
40600;Vladimir;Remy;STARFRUIT;SEASHELLS;4992.0;1
40700;Rhianna;Valentina;STARFRUIT;SEASHELLS;4996.0;3
40900;Valentina;Rhianna;STARFRUIT;SEASHELLS;4992.0;3
41100;Adam;Remy;STARFRUIT;SEASHELLS;4991.0;1
41100;Adam;Valentina;STARFRUIT;SEASHELLS;4995.0;9
41500;Remy;Vinnie;AMETHYSTS;SEASHELLS;10002.0;1
41500;Ruby;Vinnie;AMETHYSTS;SEASHELLS;10000.0;2
41600;Valentina;Remy;AMETHYSTS;SEASHELLS;9995.0;1
41600;Valentina;Remy;STARFRUIT;SEASHELLS;4990.0;1
42900;Remy;Vladimir;AMETHYSTS;SEASHELLS;10002.0;1
42900;Remy;Vladimir;STARFRUIT;SEASHELLS;4993.0;1
43100;Remy;Vladimir;STARFRUIT;SEASHELLS;4994.0;2
43100;Valentina;Amelia;STARFRUIT;SEASHELLS;4989.0;14
43100;Remy;Valentina;AMETHYSTS;SEASHELLS;10005.0;2
43400;Remy;Valentina;AMETHYSTS;SEASHELLS;10002.0;1
43500;Valentina;Remy;STARFRUIT;SEASHELLS;4990.0;1
43700;Vladimir;Remy;AMETHYSTS;SEASHELLS;9998.0;1
43900;Valentina;Remy;STARFRUIT;SEASHELLS;4990.0;1
43900;Remy;Valentina;STARFRUIT;SEASHELLS;4997.0;2
43900;Remy;Vinnie;AMETHYSTS;SEASHELLS;10004.0;2
44000;Valentina;Remy;AMETHYSTS;SEASHELLS;9998.0;1
44700;Remy;Valentina;STARFRUIT;SEASHELLS;4995.0;1
44800;Vinnie;Amelia;AMETHYSTS;SEASHELLS;9996.0;1
45100;Valentina;Remy;STARFRUIT;SEASHELLS;4988.0;1
45100;Vinnie;Remy;AMETHYSTS;SEASHELLS;9996.0;1
45800;Vinnie;Amelia;AMETHYSTS;SEASHELLS;9996.0;1
45800;Valentina;Amelia;AMETHYSTS;SEASHELLS;9996.0;10
46200;Vinnie;Remy;AMETHYSTS;SEASHELLS;9998.0;1
46300;Valentina;Remy;AMETHYSTS;SEASHELLS;9995.0;1
46300;Vladimir;Remy;STARFRUIT;SEASHELLS;4987.0;1
46800;Vinnie;Remy;AMETHYSTS;SEASHELLS;9996.0;1
46800;Vinnie;Remy;STARFRUIT;SEASHELLS;4987.0;1
46800;Valentina;Remy;STARFRUIT;SEASHELLS;4986.0;2
47200;Remy;Valentina;STARFRUIT;SEASHELLS;4992.0;1
47300;Vinnie;Ruby;STARFRUIT;SEASHELLS;4988.0;2
47700;Vinnie;Remy;STARFRUIT;SEASHELLS;4988.0;1
48300;Valentina;Remy;STARFRUIT;SEASHELLS;4988.0;1
48300;Valentina;Remy;AMETHYSTS;SEASHELLS;9995.0;1
48600;Remy;Vinnie;AMETHYSTS;SEASHELLS;10004.0;1
48600;Valentina;Remy;STARFRUIT;SEASHELLS;4989.0;1
48600;Remy;Vladimir;STARFRUIT;SEASHELLS;4994.0;1
48900;Valentina;Remy;STARFRUIT;SEASHELLS;4988.0;1
49300;Remy;Valentina;STARFRUIT;SEASHELLS;4994.0;1
49300;Remy;Valentina;AMETHYSTS;SEASHELLS;10005.0;1
49700;Vladimir;Remy;STARFRUIT;SEASHELLS;4988.0;2
49700;Valentina;Remy;AMETHYSTS;SEASHELLS;9995.0;2
49900;Valentina;Remy;STARFRUIT;SEASHELLS;4986.0;1
50000;Vladimir;Ruby;STARFRUIT;SEASHELLS;4986.0;5
50200;Vinnie;Remy;STARFRUIT;SEASHELLS;4986.0;1
50200;Vinnie;Remy;AMETHYSTS;SEASHELLS;9996.0;1
50300;Vinnie;Remy;STARFRUIT;SEASHELLS;4986.0;1
50400;Vinnie;Remy;AMETHYSTS;SEASHELLS;9996.0;2
50400;Vladimir;Remy;STARFRUIT;SEASHELLS;4986.0;2
50900;Vinnie;Ruby;AMETHYSTS;SEASHELLS;9996.0;2
51000;Valentina;Remy;AMETHYSTS;SEASHELLS;9998.0;1
51000;Vladimir;Remy;STARFRUIT;SEASHELLS;4986.0;1
51300;Remy;Valentina;STARFRUIT;SEASHELLS;4990.0;1
51600;Remy;Vladimir;AMETHYSTS;SEASHELLS;10002.0;1
51600;Remy;Vladimir;STARFRUIT;SEASHELLS;4990.0;1
51900;Adam;Vladimir;AMETHYSTS;SEASHELLS;10002.0;2
52000;Valentina;Rhianna;AMETHYSTS;SEASHELLS;9998.0;2
52200;Valentina;Remy;STARFRUIT;SEASHELLS;4985.0;1
52300;Vinnie;Remy;STARFRUIT;SEASHELLS;4985.0;1
52700;Rhianna;Valentina;AMETHYSTS;SEASHELLS;10002.0;3
53000;Vladimir;Remy;AMETHYSTS;SEASHELLS;9998.0;1
53200;Remy;Valentina;AMETHYSTS;SEASHELLS;10002.0;1
53300;Valentina;Rhianna;AMETHYSTS;SEASHELLS;9998.0;2
53600;Vladimir;Remy;AMETHYSTS;SEASHELLS;9998.0;1
53600;Valentina;Remy;STARFRUIT;SEASHELLS;4985.0;1
53700;Remy;Valentina;STARFRUIT;SEASHELLS;4992.0;2
53700;Remy;Vinnie;AMETHYSTS;SEASHELLS;10004.0;2
53900;Remy;Vladimir;AMETHYSTS;SEASHELLS;10002.0;1
54300;Valentina;Ruby;STARFRUIT;SEASHELLS;4986.0;11
54300;Valentina;Remy;AMETHYSTS;SEASHELLS;9998.0;1
54600;Vinnie;Ruby;AMETHYSTS;SEASHELLS;9996.0;1
54600;Valentina;Ruby;AMETHYSTS;SEASHELLS;9996.0;5
54600;Valentina;Remy;STARFRUIT;SEASHELLS;4986.0;1
54700;Remy;Valentina;STARFRUIT;SEASHELLS;4990.0;1
54900;Rhianna;Vladimir;AMETHYSTS;SEASHELLS;10002.0;3
55200;Remy;Vladimir;STARFRUIT;SEASHELLS;4989.0;1
56100;Amelia;Valentina;STARFRUIT;SEASHELLS;4990.0;14
56100;Remy;Valentina;STARFRUIT;SEASHELLS;4990.0;1
56100;Remy;Vinnie;AMETHYSTS;SEASHELLS;10004.0;1
56300;Vinnie;Remy;STARFRUIT;SEASHELLS;4983.0;1
56500;Vladimir;Remy;STARFRUIT;SEASHELLS;4982.0;1
56500;Vladimir;Remy;AMETHYSTS;SEASHELLS;9998.0;1
56700;Remy;Valentina;AMETHYSTS;SEASHELLS;10002.0;1
57000;Remy;Vinnie;AMETHYSTS;SEASHELLS;10004.0;1
57000;Remy;Vinnie;STARFRUIT;SEASHELLS;4989.0;1
57100;Remy;Valentina;AMETHYSTS;SEASHELLS;10002.0;1
57100;Valentina;Rhianna;STARFRUIT;SEASHELLS;4985.0;3
57200;Valentina;Rhianna;STARFRUIT;SEASHELLS;4985.0;4
57200;Remy;Valentina;AMETHYSTS;SEASHELLS;10002.0;1
57300;Remy;Valentina;AMETHYSTS;SEASHELLS;10002.0;1
57400;Remy;Valentina;STARFRUIT;SEASHELLS;4990.0;1
57700;Rhianna;Remy;AMETHYSTS;SEASHELLS;10002.0;2
57700;Valentina;Remy;STARFRUIT;SEASHELLS;4985.0;2
57800;Valentina;Remy;STARFRUIT;SEASHELLS;4984.0;1
58300;Remy;Vladimir;STARFRUIT;SEASHELLS;4988.0;1
58400;Vinnie;Ruby;AMETHYSTS;SEASHELLS;9996.0;1
58600;Valentina;Remy;AMETHYSTS;SEASHELLS;9998.0;1
58800;Valentina;Ruby;STARFRUIT;SEASHELLS;4982.0;5
58800;Vinnie;Remy;STARFRUIT;SEASHELLS;4983.0;1
59000;Ruby;Valentina;STARFRUIT;SEASHELLS;4991.0;10
59500;Ruby;Valentina;AMETHYSTS;SEASHELLS;10005.0;4
59700;Adam;Vladimir;AMETHYSTS;SEASHELLS;10002.0;6
59800;Valentina;Vinnie;STARFRUIT;SEASHELLS;4985.0;5
59900;Valentina;Remy;STARFRUIT;SEASHELLS;4983.0;1
60000;Remy;Valentina;STARFRUIT;SEASHELLS;4987.0;1
60200;Vinnie;Remy;AMETHYSTS;SEASHELLS;9996.0;1
60200;Valentina;Remy;AMETHYSTS;SEASHELLS;9996.0;1
60200;Valentina;Remy;STARFRUIT;SEASHELLS;4983.0;1
60200;Vinnie;Remy;STARFRUIT;SEASHELLS;4983.0;1
60300;Valentina;Amelia;AMETHYSTS;SEASHELLS;9996.0;6
60300;Vinnie;Amelia;AMETHYSTS;SEASHELLS;9996.0;2
60400;Remy;Rhianna;AMETHYSTS;SEASHELLS;9998.0;1
60500;Valentina;Rhianna;STARFRUIT;SEASHELLS;4985.0;3
60500;Valentina;Remy;AMETHYSTS;SEASHELLS;9998.0;1
60600;Valentina;Remy;STARFRUIT;SEASHELLS;4984.0;1
61100;Remy;Valentina;STARFRUIT;SEASHELLS;4990.0;2
61100;Remy;Valentina;AMETHYSTS;SEASHELLS;10002.0;1
61100;Rhianna;Valentina;STARFRUIT;SEASHELLS;4987.0;5
61100;Remy;Valentina;AMETHYSTS;SEASHELLS;10005.0;2
61300;Remy;Vladimir;STARFRUIT;SEASHELLS;4987.0;1
62300;Remy;Vinnie;AMETHYSTS;SEASHELLS;10004.0;1
62300;Remy;Vladimir;STARFRUIT;SEASHELLS;4987.0;1
62600;Valentina;Remy;STARFRUIT;SEASHELLS;4984.0;1
62900;Ruby;Vladimir;STARFRUIT;SEASHELLS;4989.0;6
62900;Ruby;Valentina;STARFRUIT;SEASHELLS;4989.0;1
63000;Valentina;Vinnie;STARFRUIT;SEASHELLS;4986.0;6
63000;Vinnie;Adam;STARFRUIT;SEASHELLS;4984.0;1
63000;Valentina;Adam;STARFRUIT;SEASHELLS;4984.0;9
63200;Vladimir;Remy;AMETHYSTS;SEASHELLS;9998.0;1
63200;Vladimir;Remy;STARFRUIT;SEASHELLS;4984.0;1
63300;Remy;Valentina;STARFRUIT;SEASHELLS;4991.0;2
63300;Remy;Remy;AMETHYSTS;SEASHELLS;9998.0;1
63500;Valentina;Adam;AMETHYSTS;SEASHELLS;9998.0;6
63700;Vinnie;Ruby;AMETHYSTS;SEASHELLS;9996.0;1
63800;Vinnie;Ruby;STARFRUIT;SEASHELLS;4983.0;1
64200;Valentina;Remy;AMETHYSTS;SEASHELLS;9995.0;2
64200;Valentina;Remy;STARFRUIT;SEASHELLS;4982.0;2
64500;Remy;Valentina;STARFRUIT;SEASHELLS;4989.0;2
64500;Remy;Valentina;AMETHYSTS;SEASHELLS;10005.0;2
64500;Remy;Vladimir;AMETHYSTS;SEASHELLS;10002.0;1
64600;Remy;Vladimir;STARFRUIT;SEASHELLS;4988.0;1
64900;Ruby;Valentina;AMETHYSTS;SEASHELLS;10005.0;2
65300;Vinnie;Remy;AMETHYSTS;SEASHELLS;9998.0;1
65300;Vinnie;Ruby;AMETHYSTS;SEASHELLS;10000.0;2
65400;Vladimir;Remy;STARFRUIT;SEASHELLS;4983.0;1
65500;Valentina;Remy;AMETHYSTS;SEASHELLS;9998.0;1
65600;Valentina;Remy;AMETHYSTS;SEASHELLS;9995.0;1
65600;Vladimir;Remy;STARFRUIT;SEASHELLS;4983.0;1
65800;Vinnie;Remy;AMETHYSTS;SEASHELLS;9996.0;1
65800;Vladimir;Remy;STARFRUIT;SEASHELLS;4983.0;1
65900;Valentina;Remy;AMETHYSTS;SEASHELLS;9998.0;1
66000;Vladimir;Remy;AMETHYSTS;SEASHELLS;9998.0;1
66200;Valentina;Adam;STARFRUIT;SEASHELLS;4983.0;8
66700;Valentina;Rhianna;AMETHYSTS;SEASHELLS;9998.0;2
67000;Vladimir;Remy;STARFRUIT;SEASHELLS;4984.0;1
67200;Remy;Valentina;STARFRUIT;SEASHELLS;4989.0;1
67400;Vinnie;Remy;AMETHYSTS;SEASHELLS;9996.0;1
67400;Valentina;Remy;STARFRUIT;SEASHELLS;4983.0;2
67700;Rhianna;Valentina;STARFRUIT;SEASHELLS;4988.0;4
67900;Vladimir;Remy;STARFRUIT;SEASHELLS;4984.0;2
67900;Vladimir;Remy;AMETHYSTS;SEASHELLS;9998.0;2
68000;Valentina;Remy;STARFRUIT;SEASHELLS;4984.0;1
68000;Rhianna;Valentina;AMETHYSTS;SEASHELLS;10002.0;5
68000;Ruby;Valentina;AMETHYSTS;SEASHELLS;10005.0;3
68100;Rhianna;Vladimir;AMETHYSTS;SEASHELLS;10002.0;1
68200;Remy;Valentina;STARFRUIT;SEASHELLS;4989.0;1
68500;Remy;Valentina;AMETHYSTS;SEASHELLS;10002.0;1
68600;Remy;Rhianna;STARFRUIT;SEASHELLS;4985.0;1
68900;Rhianna;Valentina;AMETHYSTS;SEASHELLS;10002.0;1
68900;Remy;Valentina;STARFRUIT;SEASHELLS;4990.0;1
69000;Valentina;Amelia;STARFRUIT;SEASHELLS;4984.0;9
69300;Remy;Valentina;STARFRUIT;SEASHELLS;4992.0;2
69300;Remy;Valentina;AMETHYSTS;SEASHELLS;10005.0;2
69400;Remy;Valentina;STARFRUIT;SEASHELLS;4991.0;1
69600;Vladimir;Amelia;STARFRUIT;SEASHELLS;4986.0;1
69600;Valentina;Amelia;STARFRUIT;SEASHELLS;4986.0;8
70400;Valentina;Remy;STARFRUIT;SEASHELLS;4985.0;0
70400;Vinnie;Adam;STARFRUIT;SEASHELLS;4985.0;1
70400;Valentina;Adam;STARFRUIT;SEASHELLS;4985.0;7
70400;Vinnie;Remy;STARFRUIT;SEASHELLS;4985.0;1
71400;Valentina;Remy;STARFRUIT;SEASHELLS;4984.0;1
71600;Valentina;Amelia;AMETHYSTS;SEASHELLS;9995.0;10
72100;Adam;Valentina;STARFRUIT;SEASHELLS;4988.0;9
72600;Remy;Vladimir;STARFRUIT;SEASHELLS;4990.0;1
73900;Valentina;Remy;STARFRUIT;SEASHELLS;4982.0;1
74100;Remy;Valentina;AMETHYSTS;SEASHELLS;10002.0;1
74400;Remy;Vinnie;STARFRUIT;SEASHELLS;4987.0;1
74400;Remy;Vinnie;AMETHYSTS;SEASHELLS;10004.0;1
74900;Remy;Valentina;AMETHYSTS;SEASHELLS;10002.0;1
75000;Valentina;Amelia;STARFRUIT;SEASHELLS;4981.0;9
75000;Valentina;Ruby;STARFRUIT;SEASHELLS;4981.0;10
75200;Vinnie;Remy;AMETHYSTS;SEASHELLS;9996.0;1
75200;Valentina;Remy;STARFRUIT;SEASHELLS;4982.0;1
75500;Vinnie;Remy;STARFRUIT;SEASHELLS;4983.0;1
76400;Remy;Vinnie;AMETHYSTS;SEASHELLS;10002.0;1
76400;Valentina;Remy;STARFRUIT;SEASHELLS;4984.0;1
76400;Amelia;Vinnie;STARFRUIT;SEASHELLS;4987.0;3
77400;Valentina;Vinnie;STARFRUIT;SEASHELLS;4987.0;6
77700;Vladimir;Rhianna;AMETHYSTS;SEASHELLS;9998.0;5
77800;Valentina;Rhianna;STARFRUIT;SEASHELLS;4985.0;4
77800;Remy;Rhianna;STARFRUIT;SEASHELLS;4985.0;1
78000;Rhianna;Valentina;AMETHYSTS;SEASHELLS;10002.0;2
78100;Remy;Valentina;STARFRUIT;SEASHELLS;4989.0;1
78300;Valentina;Remy;AMETHYSTS;SEASHELLS;9995.0;2
78300;Vladimir;Remy;STARFRUIT;SEASHELLS;4985.0;2
78800;Vinnie;Remy;STARFRUIT;SEASHELLS;4984.0;1
79000;Remy;Valentina;AMETHYSTS;SEASHELLS;10005.0;2
79000;Remy;Vinnie;STARFRUIT;SEASHELLS;4989.0;1
79000;Amelia;Vinnie;AMETHYSTS;SEASHELLS;10004.0;1
79500;Remy;Valentina;AMETHYSTS;SEASHELLS;10002.0;1
79800;Valentina;Rhianna;STARFRUIT;SEASHELLS;4983.0;4
80100;Remy;Valentina;STARFRUIT;SEASHELLS;4986.0;1
80300;Remy;Valentina;AMETHYSTS;SEASHELLS;10002.0;1
80500;Valentina;Remy;STARFRUIT;SEASHELLS;4981.0;1
80800;Remy;Vladimir;AMETHYSTS;SEASHELLS;10002.0;1
81300;Valentina;Rhianna;AMETHYSTS;SEASHELLS;9998.0;1
81300;Remy;Valentina;STARFRUIT;SEASHELLS;4986.0;1
81700;Remy;Vladimir;AMETHYSTS;SEASHELLS;10002.0;1
81800;Valentina;Remy;STARFRUIT;SEASHELLS;4981.0;1
81800;Vladimir;Remy;AMETHYSTS;SEASHELLS;9998.0;1
81900;Valentina;Vinnie;STARFRUIT;SEASHELLS;4984.0;4
82100;Valentina;Remy;STARFRUIT;SEASHELLS;4981.0;1
82300;Amelia;Vinnie;AMETHYSTS;SEASHELLS;10004.0;1
82400;Valentina;Rhianna;STARFRUIT;SEASHELLS;4983.0;4
82600;Valentina;Remy;STARFRUIT;SEASHELLS;4981.0;1
83200;Valentina;Remy;AMETHYSTS;SEASHELLS;9996.0;1
83200;Vinnie;Remy;AMETHYSTS;SEASHELLS;9996.0;1
83200;Valentina;Remy;STARFRUIT;SEASHELLS;4982.0;2
83300;Valentina;Amelia;STARFRUIT;SEASHELLS;4982.0;15
83400;Rhianna;Valentina;STARFRUIT;SEASHELLS;4987.0;3
83700;Ruby;Vinnie;AMETHYSTS;SEASHELLS;10004.0;1
84000;Ruby;Vladimir;STARFRUIT;SEASHELLS;4987.0;4
84200;Remy;Amelia;STARFRUIT;SEASHELLS;4987.0;1
84600;Remy;Vinnie;STARFRUIT;SEASHELLS;4989.0;2
84600;Remy;Vinnie;AMETHYSTS;SEASHELLS;10004.0;2
84700;Remy;Valentina;STARFRUIT;SEASHELLS;4988.0;1
84800;Ruby;Vinnie;STARFRUIT;SEASHELLS;4989.0;1
85000;Valentina;Rhianna;AMETHYSTS;SEASHELLS;9998.0;5
85700;Valentina;Remy;AMETHYSTS;SEASHELLS;9995.0;2
85700;Ruby;Valentina;AMETHYSTS;SEASHELLS;10005.0;4
85700;Valentina;Remy;STARFRUIT;SEASHELLS;4982.0;2
85900;Vladimir;Ruby;AMETHYSTS;SEASHELLS;9998.0;2
85900;Vladimir;Remy;STARFRUIT;SEASHELLS;4983.0;1
86000;Remy;Vinnie;STARFRUIT;SEASHELLS;4989.0;1
86000;Remy;Vladimir;AMETHYSTS;SEASHELLS;10002.0;1
86000;Valentina;Remy;STARFRUIT;SEASHELLS;4983.0;1
86300;Valentina;Remy;STARFRUIT;SEASHELLS;4983.0;1
86300;Valentina;Remy;AMETHYSTS;SEASHELLS;9998.0;1
86500;Remy;Valentina;AMETHYSTS;SEASHELLS;10002.0;1
87200;Vladimir;Remy;STARFRUIT;SEASHELLS;4983.0;1
87900;Rhianna;Valentina;AMETHYSTS;SEASHELLS;10002.0;4
87900;Adam;Valentina;STARFRUIT;SEASHELLS;4987.0;10
88300;Ruby;Vinnie;AMETHYSTS;SEASHELLS;10004.0;2
88500;Rhianna;Valentina;AMETHYSTS;SEASHELLS;10002.0;5
88500;Valentina;Ruby;STARFRUIT;SEASHELLS;4985.0;10
88600;Valentina;Remy;AMETHYSTS;SEASHELLS;9998.0;1
88600;Valentina;Rhianna;STARFRUIT;SEASHELLS;4986.0;4
88800;Valentina;Vinnie;STARFRUIT;SEASHELLS;4987.0;4
88800;Valentina;Rhianna;STARFRUIT;SEASHELLS;4986.0;5
88900;Remy;Valentina;STARFRUIT;SEASHELLS;4989.0;1
89100;Remy;Rhianna;STARFRUIT;SEASHELLS;4985.0;1
89100;Valentina;Rhianna;STARFRUIT;SEASHELLS;4985.0;2
89400;Remy;Vladimir;STARFRUIT;SEASHELLS;4990.0;1
89400;Rhianna;Vladimir;STARFRUIT;SEASHELLS;4989.0;3
90000;Vladimir;Remy;STARFRUIT;SEASHELLS;4984.0;1
90100;Remy;Vinnie;AMETHYSTS;SEASHELLS;10004.0;1
90100;Remy;Valentina;STARFRUIT;SEASHELLS;4990.0;1
90200;Valentina;Ruby;STARFRUIT;SEASHELLS;4982.0;4
90700;Ruby;Vladimir;AMETHYSTS;SEASHELLS;10002.0;6
90800;Ruby;Vinnie;STARFRUIT;SEASHELLS;4987.0;3
91000;Valentina;Remy;AMETHYSTS;SEASHELLS;9998.0;1
91000;Vinnie;Remy;STARFRUIT;SEASHELLS;4985.0;1
91400;Remy;Valentina;AMETHYSTS;SEASHELLS;10002.0;1
91500;Rhianna;Remy;STARFRUIT;SEASHELLS;4990.0;1
91900;Remy;Valentina;AMETHYSTS;SEASHELLS;10002.0;1
91900;Vladimir;Remy;STARFRUIT;SEASHELLS;4986.0;1
92300;Vladimir;Remy;STARFRUIT;SEASHELLS;4987.0;1
92300;Vinnie;Remy;AMETHYSTS;SEASHELLS;9996.0;1
92400;Rhianna;Vladimir;STARFRUIT;SEASHELLS;4991.0;2
92500;Valentina;Remy;STARFRUIT;SEASHELLS;4986.0;1
93000;Remy;Amelia;AMETHYSTS;SEASHELLS;10002.0;1
93100;Valentina;Rhianna;AMETHYSTS;SEASHELLS;9998.0;1
93100;Rhianna;Valentina;STARFRUIT;SEASHELLS;4990.0;2
93100;Rhianna;Vladimir;STARFRUIT;SEASHELLS;4990.0;2
93300;Vladimir;Remy;AMETHYSTS;SEASHELLS;9998.0;1
93300;Vladimir;Remy;STARFRUIT;SEASHELLS;4986.0;1
93500;Valentina;Remy;AMETHYSTS;SEASHELLS;9998.0;1
93700;Remy;Vladimir;AMETHYSTS;SEASHELLS;10002.0;1
93900;Valentina;Remy;AMETHYSTS;SEASHELLS;9998.0;1
94300;Valentina;Remy;STARFRUIT;SEASHELLS;4985.0;1
94700;Valentina;Amelia;AMETHYSTS;SEASHELLS;9996.0;9
94700;Vinnie;Amelia;AMETHYSTS;SEASHELLS;9996.0;2
94800;Rhianna;Vladimir;AMETHYSTS;SEASHELLS;10002.0;4
95100;Valentina;Remy;STARFRUIT;SEASHELLS;4985.0;2
95100;Vinnie;Remy;AMETHYSTS;SEASHELLS;9996.0;2
95300;Remy;Valentina;AMETHYSTS;SEASHELLS;10002.0;1
95300;Vladimir;Remy;STARFRUIT;SEASHELLS;4987.0;1
95600;Remy;Valentina;STARFRUIT;SEASHELLS;4991.0;1
95800;Valentina;Remy;STARFRUIT;SEASHELLS;4986.0;1
95900;Ruby;Valentina;AMETHYSTS;SEASHELLS;10002.0;3
95900;Remy;Vladimir;STARFRUIT;SEASHELLS;4991.0;1
95900;Ruby;Vladimir;AMETHYSTS;SEASHELLS;10002.0;5
96100;Valentina;Remy;STARFRUIT;SEASHELLS;4986.0;1
96100;Valentina;Remy;AMETHYSTS;SEASHELLS;9995.0;1
96200;Valentina;Remy;STARFRUIT;SEASHELLS;4986.0;1
96400;Valentina;Ruby;STARFRUIT;SEASHELLS;4986.0;9
96400;Rhianna;Valentina;AMETHYSTS;SEASHELLS;10002.0;3
96500;Ruby;Valentina;STARFRUIT;SEASHELLS;4993.0;6
96800;Remy;Valentina;STARFRUIT;SEASHELLS;4991.0;1
96900;Ruby;Valentina;AMETHYSTS;SEASHELLS;10005.0;3
97000;Valentina;Rhianna;STARFRUIT;SEASHELLS;4987.0;2
97200;Amelia;Valentina;AMETHYSTS;SEASHELLS;10005.0;12
97300;Remy;Valentina;STARFRUIT;SEASHELLS;4993.0;1
97300;Remy;Vinnie;AMETHYSTS;SEASHELLS;10004.0;1
97400;Vladimir;Remy;AMETHYSTS;SEASHELLS;9998.0;1
97600;Valentina;Remy;AMETHYSTS;SEASHELLS;9998.0;1
97900;Rhianna;Valentina;AMETHYSTS;SEASHELLS;10002.0;4
98100;Remy;Valentina;STARFRUIT;SEASHELLS;4993.0;1
98100;Remy;Valentina;AMETHYSTS;SEASHELLS;10002.0;1
98200;Vinnie;Remy;STARFRUIT;SEASHELLS;4989.0;1
98300;Valentina;Remy;AMETHYSTS;SEASHELLS;9998.0;1
98300;Valentina;Rhianna;STARFRUIT;SEASHELLS;4989.0;4
98400;Valentina;Remy;STARFRUIT;SEASHELLS;4988.0;1
98500;Adam;Vladimir;STARFRUIT;SEASHELLS;4992.0;3
98700;Ruby;Valentina;STARFRUIT;SEASHELLS;4994.0;6
98800;Vinnie;Remy;STARFRUIT;SEASHELLS;4988.0;1
98800;Ruby;Valentina;STARFRUIT;SEASHELLS;4994.0;5
98800;Vinnie;Remy;AMETHYSTS;SEASHELLS;9996.0;1
99000;Valentina;Remy;AMETHYSTS;SEASHELLS;9998.0;1
99300;Valentina;Vinnie;STARFRUIT;SEASHELLS;4990.0;2
99400;Amelia;Valentina;STARFRUIT;SEASHELLS;4995.0;8
100000;Valentina;Ruby;STARFRUIT;SEASHELLS;4987.0;14
100100;Amelia;Remy;AMETHYSTS;SEASHELLS;9998.0;1
100100;Valentina;Remy;STARFRUIT;SEASHELLS;4987.0;1
100500;Vladimir;Remy;AMETHYSTS;SEASHELLS;9998.0;1
101400;Vinnie;Ruby;STARFRUIT;SEASHELLS;4987.0;2
102200;Remy;Valentina;STARFRUIT;SEASHELLS;4991.0;2
102200;Remy;Vinnie;AMETHYSTS;SEASHELLS;10004.0;2
102300;Remy;Valentina;AMETHYSTS;SEASHELLS;10002.0;1
102300;Rhianna;Vladimir;AMETHYSTS;SEASHELLS;10002.0;3
102500;Remy;Valentina;STARFRUIT;SEASHELLS;4990.0;1
102500;Remy;Valentina;AMETHYSTS;SEASHELLS;10002.0;1
102900;Valentina;Remy;AMETHYSTS;SEASHELLS;9998.0;1
103100;Valentina;Remy;STARFRUIT;SEASHELLS;4984.0;2
103100;Valentina;Remy;AMETHYSTS;SEASHELLS;9995.0;2
103300;Rhianna;Valentina;STARFRUIT;SEASHELLS;4988.0;2
103600;Remy;Ruby;STARFRUIT;SEASHELLS;4990.0;1
104000;Valentina;Remy;AMETHYSTS;SEASHELLS;9998.0;1
104100;Valentina;Ruby;STARFRUIT;SEASHELLS;4983.0;7
104200;Remy;Rhianna;AMETHYSTS;SEASHELLS;9998.0;1
104200;Valentina;Rhianna;AMETHYSTS;SEASHELLS;9998.0;2
104300;Valentina;Rhianna;AMETHYSTS;SEASHELLS;9998.0;2
104400;Rhianna;Valentina;STARFRUIT;SEASHELLS;4989.0;3
104400;Valentina;Remy;AMETHYSTS;SEASHELLS;9998.0;1
104400;Rhianna;Remy;STARFRUIT;SEASHELLS;4989.0;2
104400;Valentina;Remy;AMETHYSTS;SEASHELLS;9995.0;2
104700;Remy;Vladimir;AMETHYSTS;SEASHELLS;10002.0;1
104700;Valentina;Remy;STARFRUIT;SEASHELLS;4985.0;1
104800;Vladimir;Remy;STARFRUIT;SEASHELLS;4985.0;1
105100;Remy;Valentina;AMETHYSTS;SEASHELLS;10002.0;1
105200;Valentina;Remy;STARFRUIT;SEASHELLS;4986.0;1
105900;Ruby;Vladimir;AMETHYSTS;SEASHELLS;10002.0;5
106100;Ruby;Valentina;STARFRUIT;SEASHELLS;4991.0;8
106800;Remy;Valentina;STARFRUIT;SEASHELLS;4990.0;2
106800;Remy;Valentina;AMETHYSTS;SEASHELLS;10005.0;2
106900;Valentina;Adam;STARFRUIT;SEASHELLS;4984.0;10
107200;Valentina;Ruby;AMETHYSTS;SEASHELLS;9995.0;4
107500;Remy;Valentina;STARFRUIT;SEASHELLS;4990.0;2
107500;Remy;Vladimir;AMETHYSTS;SEASHELLS;10002.0;2
107700;Remy;Vinnie;AMETHYSTS;SEASHELLS;10004.0;2
107700;Remy;Valentina;STARFRUIT;SEASHELLS;4990.0;2
108000;Vladimir;Amelia;AMETHYSTS;SEASHELLS;9998.0;6
108000;Valentina;Amelia;AMETHYSTS;SEASHELLS;9998.0;5
108100;Vladimir;Adam;STARFRUIT;SEASHELLS;4983.0;4
108300;Valentina;Remy;AMETHYSTS;SEASHELLS;9998.0;1
108400;Remy;Valentina;STARFRUIT;SEASHELLS;4987.0;1
108600;Remy;Valentina;AMETHYSTS;SEASHELLS;10002.0;1
108600;Valentina;Rhianna;STARFRUIT;SEASHELLS;4984.0;2
108700;Valentina;Amelia;AMETHYSTS;SEASHELLS;9995.0;10
108800;Vinnie;Remy;STARFRUIT;SEASHELLS;4983.0;1
108900;Remy;Vinnie;AMETHYSTS;SEASHELLS;10004.0;1
108900;Remy;Valentina;STARFRUIT;SEASHELLS;4989.0;1
109100;Rhianna;Vladimir;AMETHYSTS;SEASHELLS;10002.0;2
109400;Remy;Valentina;STARFRUIT;SEASHELLS;4988.0;1
109600;Amelia;Valentina;STARFRUIT;SEASHELLS;4990.0;12
109900;Remy;Valentina;AMETHYSTS;SEASHELLS;10005.0;1
109900;Remy;Vladimir;STARFRUIT;SEASHELLS;4988.0;1
110300;Valentina;Ruby;STARFRUIT;SEASHELLS;4983.0;8
111300;Rhianna;Remy;STARFRUIT;SEASHELLS;4986.0;1
111300;Valentina;Remy;AMETHYSTS;SEASHELLS;9995.0;1
111600;Vinnie;Ruby;AMETHYSTS;SEASHELLS;9996.0;2
111600;Remy;Rhianna;STARFRUIT;SEASHELLS;4984.0;1
112000;Remy;Vladimir;AMETHYSTS;SEASHELLS;10002.0;1
112200;Remy;Vladimir;AMETHYSTS;SEASHELLS;10002.0;1
112300;Vladimir;Remy;STARFRUIT;SEASHELLS;4981.0;1
112400;Remy;Valentina;STARFRUIT;SEASHELLS;4986.0;1
112500;Remy;Valentina;AMETHYSTS;SEASHELLS;10002.0;1
112500;Valentina;Remy;STARFRUIT;SEASHELLS;4981.0;1
113100;Remy;Valentina;STARFRUIT;SEASHELLS;4985.0;1
113200;Valentina;Remy;STARFRUIT;SEASHELLS;4980.0;1
113400;Remy;Vladimir;STARFRUIT;SEASHELLS;4984.0;2
113400;Remy;Vinnie;AMETHYSTS;SEASHELLS;10004.0;1
113700;Remy;Vladimir;STARFRUIT;SEASHELLS;4984.0;1
113800;Vinnie;Remy;AMETHYSTS;SEASHELLS;9996.0;1
113800;Valentina;Remy;STARFRUIT;SEASHELLS;4979.0;1
113900;Vladimir;Remy;STARFRUIT;SEASHELLS;4979.0;1
114300;Valentina;Remy;STARFRUIT;SEASHELLS;4979.0;1
114700;Amelia;Valentina;AMETHYSTS;SEASHELLS;10005.0;12
114700;Valentina;Ruby;AMETHYSTS;SEASHELLS;9995.0;4
115000;Valentina;Remy;STARFRUIT;SEASHELLS;4980.0;1
115200;Valentina;Remy;STARFRUIT;SEASHELLS;4980.0;1
115300;Remy;Vladimir;STARFRUIT;SEASHELLS;4986.0;1
115600;Valentina;Rhianna;STARFRUIT;SEASHELLS;4981.0;3
115600;Vladimir;Remy;AMETHYSTS;SEASHELLS;9998.0;1
115800;Valentina;Remy;AMETHYSTS;SEASHELLS;9998.0;1
115800;Remy;Valentina;STARFRUIT;SEASHELLS;4984.0;1
116600;Valentina;Vinnie;STARFRUIT;SEASHELLS;4981.0;3
116700;Remy;Valentina;STARFRUIT;SEASHELLS;4983.0;1
116900;Valentina;Vinnie;STARFRUIT;SEASHELLS;4981.0;5
117700;Remy;Valentina;STARFRUIT;SEASHELLS;4984.0;1
118000;Valentina;Remy;AMETHYSTS;SEASHELLS;9995.0;1
118000;Vladimir;Remy;STARFRUIT;SEASHELLS;4977.0;1
118300;Rhianna;Vladimir;STARFRUIT;SEASHELLS;4980.0;2
118600;Valentina;Remy;STARFRUIT;SEASHELLS;4975.0;1
119000;Remy;Vladimir;STARFRUIT;SEASHELLS;4980.0;1
119300;Remy;Vladimir;AMETHYSTS;SEASHELLS;10002.0;1
119300;Remy;Valentina;STARFRUIT;SEASHELLS;4981.0;1
119500;Vinnie;Remy;STARFRUIT;SEASHELLS;4974.0;1
119700;Vladimir;Remy;STARFRUIT;SEASHELLS;4974.0;1
120200;Remy;Vladimir;AMETHYSTS;SEASHELLS;10002.0;1
120200;Valentina;Remy;STARFRUIT;SEASHELLS;4973.0;1
120500;Valentina;Rhianna;AMETHYSTS;SEASHELLS;9998.0;3
120700;Vladimir;Remy;STARFRUIT;SEASHELLS;4973.0;1
120800;Remy;Remy;STARFRUIT;SEASHELLS;4978.0;1
120800;Vinnie;Remy;AMETHYSTS;SEASHELLS;10000.0;2
120900;Valentina;Remy;AMETHYSTS;SEASHELLS;9998.0;1
121300;Ruby;Valentina;STARFRUIT;SEASHELLS;4981.0;9
121800;Adam;Rhianna;AMETHYSTS;SEASHELLS;9998.0;2
122000;Valentina;Adam;STARFRUIT;SEASHELLS;4975.0;9
122300;Ruby;Vinnie;AMETHYSTS;SEASHELLS;10004.0;2
122300;Ruby;Valentina;AMETHYSTS;SEASHELLS;10004.0;3
122700;Valentina;Remy;STARFRUIT;SEASHELLS;4973.0;1
123000;Valentina;Remy;AMETHYSTS;SEASHELLS;9998.0;1
123000;Vladimir;Remy;STARFRUIT;SEASHELLS;4973.0;1
123100;Valentina;Remy;STARFRUIT;SEASHELLS;4973.0;1
123200;Remy;Valentina;STARFRUIT;SEASHELLS;4978.0;1
123300;Adam;Valentina;STARFRUIT;SEASHELLS;4978.0;9
124000;Remy;Valentina;STARFRUIT;SEASHELLS;4977.0;1
124400;Remy;Valentina;AMETHYSTS;SEASHELLS;10002.0;1
124500;Valentina;Ruby;AMETHYSTS;SEASHELLS;9995.0;5
124700;Valentina;Rhianna;AMETHYSTS;SEASHELLS;9998.0;1
124900;Remy;Vladimir;AMETHYSTS;SEASHELLS;10002.0;2
124900;Remy;Valentina;STARFRUIT;SEASHELLS;4976.0;2
125100;Vinnie;Remy;STARFRUIT;SEASHELLS;4970.0;1
125100;Valentina;Remy;AMETHYSTS;SEASHELLS;9998.0;1
125200;Remy;Vladimir;STARFRUIT;SEASHELLS;4974.0;1
125200;Remy;Vinnie;AMETHYSTS;SEASHELLS;10004.0;1
125300;Remy;Valentina;AMETHYSTS;SEASHELLS;10005.0;2
125300;Remy;Valentina;STARFRUIT;SEASHELLS;4976.0;2
125400;Valentina;Remy;STARFRUIT;SEASHELLS;4969.0;2
125400;Vinnie;Remy;AMETHYSTS;SEASHELLS;9996.0;2
126400;Valentina;Ruby;AMETHYSTS;SEASHELLS;9996.0;3
126400;Vinnie;Ruby;AMETHYSTS;SEASHELLS;9996.0;1
126500;Vladimir;Ruby;AMETHYSTS;SEASHELLS;9998.0;4
127000;Valentina;Amelia;AMETHYSTS;SEASHELLS;9995.0;12
127200;Rhianna;Vladimir;AMETHYSTS;SEASHELLS;10002.0;2
127300;Valentina;Ruby;STARFRUIT;SEASHELLS;4970.0;6
127300;Valentina;Remy;STARFRUIT;SEASHELLS;4970.0;1
127400;Remy;Valentina;AMETHYSTS;SEASHELLS;10002.0;1
127600;Vinnie;Remy;STARFRUIT;SEASHELLS;4969.0;1
127800;Ruby;Vinnie;AMETHYSTS;SEASHELLS;10004.0;2
127900;Remy;Vladimir;AMETHYSTS;SEASHELLS;10002.0;1
128900;Rhianna;Valentina;STARFRUIT;SEASHELLS;4974.0;3
129200;Valentina;Remy;AMETHYSTS;SEASHELLS;9995.0;2
129200;Valentina;Remy;STARFRUIT;SEASHELLS;4969.0;2
129600;Remy;Vladimir;STARFRUIT;SEASHELLS;4975.0;1
129700;Valentina;Remy;STARFRUIT;SEASHELLS;4970.0;1
129700;Valentina;Remy;AMETHYSTS;SEASHELLS;9995.0;1
129800;Vladimir;Remy;STARFRUIT;SEASHELLS;4970.0;1
130100;Rhianna;Valentina;AMETHYSTS;SEASHELLS;10002.0;4
130100;Rhianna;Remy;AMETHYSTS;SEASHELLS;10002.0;1
130200;Valentina;Remy;STARFRUIT;SEASHELLS;4970.0;1
130300;Ruby;Rhianna;AMETHYSTS;SEASHELLS;9998.0;3
130300;Valentina;Remy;STARFRUIT;SEASHELLS;4970.0;1
130400;Valentina;Remy;STARFRUIT;SEASHELLS;4969.0;1
130500;Ruby;Valentina;STARFRUIT;SEASHELLS;4976.0;12
130500;Valentina;Rhianna;AMETHYSTS;SEASHELLS;9998.0;3
131200;Remy;Rhianna;AMETHYSTS;SEASHELLS;9998.0;1
131400;Ruby;Rhianna;AMETHYSTS;SEASHELLS;9998.0;3
131600;Vladimir;Rhianna;AMETHYSTS;SEASHELLS;9998.0;1
132000;Remy;Valentina;STARFRUIT;SEASHELLS;4975.0;1
132000;Remy;Vinnie;AMETHYSTS;SEASHELLS;10004.0;1
132100;Vladimir;Rhianna;AMETHYSTS;SEASHELLS;9998.0;5
132300;Vinnie;Remy;AMETHYSTS;SEASHELLS;10000.0;1
132300;Vinnie;Remy;STARFRUIT;SEASHELLS;4971.0;1
132700;Amelia;Valentina;AMETHYSTS;SEASHELLS;10004.0;9
132700;Amelia;Vinnie;AMETHYSTS;SEASHELLS;10004.0;1
132700;Valentina;Rhianna;STARFRUIT;SEASHELLS;4968.0;3
133400;Remy;Valentina;STARFRUIT;SEASHELLS;4975.0;1
133400;Remy;Vinnie;AMETHYSTS;SEASHELLS;10004.0;1
133700;Remy;Valentina;STARFRUIT;SEASHELLS;4974.0;1
133700;Remy;Vinnie;AMETHYSTS;SEASHELLS;10004.0;1
134100;Adam;Vladimir;STARFRUIT;SEASHELLS;4973.0;1
134100;Adam;Valentina;STARFRUIT;SEASHELLS;4973.0;9
134200;Valentina;Rhianna;STARFRUIT;SEASHELLS;4969.0;2
134700;Remy;Valentina;STARFRUIT;SEASHELLS;4974.0;1
134700;Remy;Vinnie;AMETHYSTS;SEASHELLS;10004.0;1
134800;Amelia;Vinnie;AMETHYSTS;SEASHELLS;10004.0;2
134900;Remy;Vladimir;AMETHYSTS;SEASHELLS;10002.0;1
135200;Valentina;Amelia;STARFRUIT;SEASHELLS;4967.0;15
135600;Valentina;Remy;STARFRUIT;SEASHELLS;4967.0;1
136500;Valentina;Remy;STARFRUIT;SEASHELLS;4968.0;1
136500;Remy;Valentina;STARFRUIT;SEASHELLS;4975.0;2
136500;Remy;Valentina;AMETHYSTS;SEASHELLS;10005.0;2
136800;Valentina;Rhianna;AMETHYSTS;SEASHELLS;9998.0;2
136900;Vladimir;Remy;STARFRUIT;SEASHELLS;4968.0;1
137000;Ruby;Valentina;STARFRUIT;SEASHELLS;4974.0;9
137700;Ruby;Vinnie;AMETHYSTS;SEASHELLS;10004.0;1
139100;Valentina;Rhianna;AMETHYSTS;SEASHELLS;9998.0;5
139400;Valentina;Ruby;AMETHYSTS;SEASHELLS;9996.0;2
139400;Vinnie;Ruby;AMETHYSTS;SEASHELLS;9996.0;1
140400;Remy;Vladimir;STARFRUIT;SEASHELLS;4971.0;1
140700;Vladimir;Rhianna;AMETHYSTS;SEASHELLS;9998.0;2
140800;Vladimir;Remy;STARFRUIT;SEASHELLS;4966.0;1
140900;Valentina;Remy;STARFRUIT;SEASHELLS;4965.0;1
141100;Valentina;Remy;AMETHYSTS;SEASHELLS;9998.0;1
141200;Valentina;Ruby;STARFRUIT;SEASHELLS;4964.0;11
141400;Remy;Valentina;STARFRUIT;SEASHELLS;4969.0;1
141600;Remy;Vladimir;STARFRUIT;SEASHELLS;4969.0;1
141700;Adam;Valentina;STARFRUIT;SEASHELLS;4968.0;10
142000;Vinnie;Ruby;AMETHYSTS;SEASHELLS;9996.0;1
142000;Valentina;Amelia;STARFRUIT;SEASHELLS;4964.0;11
142400;Remy;Valentina;STARFRUIT;SEASHELLS;4970.0;1
142400;Remy;Vinnie;AMETHYSTS;SEASHELLS;10004.0;1
142800;Amelia;Valentina;STARFRUIT;SEASHELLS;4970.0;13
142800;Remy;Valentina;STARFRUIT;SEASHELLS;4968.0;1
142800;Rhianna;Valentina;STARFRUIT;SEASHELLS;4967.0;4
143100;Valentina;Remy;STARFRUIT;SEASHELLS;4963.0;2
143100;Valentina;Remy;AMETHYSTS;SEASHELLS;9995.0;2
143200;Valentina;Remy;STARFRUIT;SEASHELLS;4963.0;1
143200;Valentina;Remy;AMETHYSTS;SEASHELLS;9995.0;1
143200;Valentina;Remy;AMETHYSTS;SEASHELLS;9998.0;1
143800;Valentina;Remy;STARFRUIT;SEASHELLS;4964.0;1
143800;Vladimir;Remy;AMETHYSTS;SEASHELLS;9998.0;1
144100;Rhianna;Valentina;AMETHYSTS;SEASHELLS;10002.0;1
144200;Remy;Valentina;STARFRUIT;SEASHELLS;4969.0;2
144200;Remy;Vinnie;AMETHYSTS;SEASHELLS;10004.0;1
144600;Vladimir;Rhianna;AMETHYSTS;SEASHELLS;9998.0;3
144800;Remy;Vladimir;STARFRUIT;SEASHELLS;4968.0;1
144900;Remy;Valentina;AMETHYSTS;SEASHELLS;10002.0;1
145800;Valentina;Rhianna;AMETHYSTS;SEASHELLS;9998.0;3
145800;Remy;Valentina;STARFRUIT;SEASHELLS;4967.0;1
145900;Remy;Valentina;STARFRUIT;SEASHELLS;4969.0;1
145900;Remy;Valentina;STARFRUIT;SEASHELLS;4968.0;1
145900;Remy;Vinnie;AMETHYSTS;SEASHELLS;10004.0;1
146000;Remy;Amelia;STARFRUIT;SEASHELLS;4967.0;1
146200;Valentina;Ruby;STARFRUIT;SEASHELLS;4962.0;10
146300;Remy;Valentina;AMETHYSTS;SEASHELLS;10005.0;2
146300;Remy;Valentina;STARFRUIT;SEASHELLS;4970.0;2
146700;Ruby;Valentina;AMETHYSTS;SEASHELLS;10005.0;5
146900;Valentina;Rhianna;STARFRUIT;SEASHELLS;4964.0;3
146900;Valentina;Remy;STARFRUIT;SEASHELLS;4963.0;1
146900;Amelia;Valentina;AMETHYSTS;SEASHELLS;10004.0;8
146900;Amelia;Vinnie;AMETHYSTS;SEASHELLS;10004.0;2
147000;Ruby;Valentina;STARFRUIT;SEASHELLS;4969.0;8
147100;Valentina;Rhianna;STARFRUIT;SEASHELLS;4964.0;4
147300;Vinnie;Remy;STARFRUIT;SEASHELLS;4963.0;1
147400;Valentina;Remy;STARFRUIT;SEASHELLS;4962.0;1
147400;Valentina;Remy;AMETHYSTS;SEASHELLS;9995.0;1
147800;Valentina;Remy;AMETHYSTS;SEASHELLS;9998.0;1
147800;Remy;Valentina;STARFRUIT;SEASHELLS;4967.0;1
148000;Vinnie;Remy;AMETHYSTS;SEASHELLS;10000.0;1
148000;Vinnie;Remy;AMETHYSTS;SEASHELLS;9998.0;1
148000;Vinnie;Remy;STARFRUIT;SEASHELLS;4964.0;1
148100;Valentina;Rhianna;STARFRUIT;SEASHELLS;4963.0;3
148200;Valentina;Remy;AMETHYSTS;SEASHELLS;9995.0;2
148200;Remy;Remy;STARFRUIT;SEASHELLS;4967.0;1
148300;Valentina;Adam;STARFRUIT;SEASHELLS;4962.0;10
148500;Remy;Valentina;STARFRUIT;SEASHELLS;4966.0;1
148700;Vladimir;Remy;STARFRUIT;SEASHELLS;4961.0;1
148800;Valentina;Amelia;STARFRUIT;SEASHELLS;4961.0;9
149400;Valentina;Vinnie;STARFRUIT;SEASHELLS;4963.0;3
150000;Rhianna;Remy;STARFRUIT;SEASHELLS;4964.0;1
150000;Rhianna;Vladimir;STARFRUIT;SEASHELLS;4964.0;1
150100;Remy;Vladimir;STARFRUIT;SEASHELLS;4964.0;1
150100;Remy;Vinnie;AMETHYSTS;SEASHELLS;10004.0;1
150200;Remy;Vladimir;STARFRUIT;SEASHELLS;4965.0;1
150300;Valentina;Remy;STARFRUIT;SEASHELLS;4959.0;1
150300;Vinnie;Remy;AMETHYSTS;SEASHELLS;9996.0;1
151400;Valentina;Remy;STARFRUIT;SEASHELLS;4960.0;1
151400;Remy;Valentina;AMETHYSTS;SEASHELLS;10002.0;1
151900;Valentina;Remy;STARFRUIT;SEASHELLS;4960.0;1
152000;Adam;Vladimir;AMETHYSTS;SEASHELLS;10002.0;6
152100;Remy;Vinnie;AMETHYSTS;SEASHELLS;10004.0;2
152100;Remy;Valentina;STARFRUIT;SEASHELLS;4966.0;2
152300;Valentina;Remy;STARFRUIT;SEASHELLS;4959.0;1
152800;Rhianna;Valentina;STARFRUIT;SEASHELLS;4965.0;3
153200;Valentina;Ruby;AMETHYSTS;SEASHELLS;9995.0;5
153400;Valentina;Vinnie;STARFRUIT;SEASHELLS;4963.0;2
153500;Remy;Vinnie;STARFRUIT;SEASHELLS;4967.0;1
153500;Remy;Vladimir;AMETHYSTS;SEASHELLS;10002.0;1
153600;Vladimir;Remy;STARFRUIT;SEASHELLS;4961.0;1
153700;Valentina;Remy;AMETHYSTS;SEASHELLS;9998.0;1
153900;Valentina;Remy;STARFRUIT;SEASHELLS;4961.0;1
154000;Valentina;Adam;STARFRUIT;SEASHELLS;4963.0;10
154100;Vladimir;Rhianna;AMETHYSTS;SEASHELLS;9998.0;2
154400;Rhianna;Valentina;AMETHYSTS;SEASHELLS;10002.0;2
154600;Remy;Ruby;AMETHYSTS;SEASHELLS;10002.0;1
154700;Ruby;Vladimir;STARFRUIT;SEASHELLS;4967.0;7
154700;Valentina;Remy;STARFRUIT;SEASHELLS;4962.0;1
154800;Valentina;Remy;STARFRUIT;SEASHELLS;4962.0;1
155200;Remy;Valentina;AMETHYSTS;SEASHELLS;10002.0;1
155600;Remy;Vinnie;STARFRUIT;SEASHELLS;4969.0;1
155600;Remy;Remy;AMETHYSTS;SEASHELLS;9998.0;1
155700;Remy;Valentina;AMETHYSTS;SEASHELLS;10002.0;1
156200;Valentina;Rhianna;STARFRUIT;SEASHELLS;4964.0;5
156400;Ruby;Valentina;STARFRUIT;SEASHELLS;4969.0;7
156500;Remy;Vladimir;AMETHYSTS;SEASHELLS;10002.0;1
156700;Remy;Vinnie;AMETHYSTS;SEASHELLS;10004.0;2
156700;Remy;Valentina;STARFRUIT;SEASHELLS;4969.0;2
157000;Amelia;Vinnie;STARFRUIT;SEASHELLS;4969.0;2
157000;Amelia;Valentina;STARFRUIT;SEASHELLS;4969.0;9
157400;Remy;Remy;AMETHYSTS;SEASHELLS;10002.0;1
157400;Vinnie;Remy;STARFRUIT;SEASHELLS;4964.0;1
157700;Remy;Valentina;STARFRUIT;SEASHELLS;4972.0;1
157700;Remy;Vinnie;AMETHYSTS;SEASHELLS;10004.0;1
157900;Remy;Rhianna;STARFRUIT;SEASHELLS;4966.0;2
157900;Remy;Valentina;AMETHYSTS;SEASHELLS;10005.0;2
158000;Remy;Valentina;AMETHYSTS;SEASHELLS;10002.0;1
158000;Valentina;Remy;STARFRUIT;SEASHELLS;4965.0;1
158200;Vladimir;Ruby;AMETHYSTS;SEASHELLS;9998.0;8
158300;Remy;Valentina;AMETHYSTS;SEASHELLS;10002.0;1
158300;Vladimir;Remy;STARFRUIT;SEASHELLS;4965.0;1
158500;Valentina;Remy;STARFRUIT;SEASHELLS;4965.0;1
159200;Vladimir;Remy;AMETHYSTS;SEASHELLS;9998.0;2
159200;Valentina;Remy;STARFRUIT;SEASHELLS;4964.0;2
159400;Remy;Vladimir;AMETHYSTS;SEASHELLS;10002.0;1
159400;Valentina;Amelia;STARFRUIT;SEASHELLS;4965.0;8
159500;Valentina;Remy;STARFRUIT;SEASHELLS;4964.0;1
159900;Vinnie;Remy;AMETHYSTS;SEASHELLS;9996.0;2
159900;Valentina;Remy;STARFRUIT;SEASHELLS;4964.0;2
160200;Vinnie;Remy;STARFRUIT;SEASHELLS;4964.0;1
160300;Remy;Valentina;STARFRUIT;SEASHELLS;4969.0;1
160400;Vladimir;Remy;STARFRUIT;SEASHELLS;4963.0;1
160700;Vinnie;Remy;STARFRUIT;SEASHELLS;4963.0;1
160800;Amelia;Valentina;STARFRUIT;SEASHELLS;4969.0;13
161200;Valentina;Rhianna;STARFRUIT;SEASHELLS;4964.0;3
161400;Amelia;Valentina;STARFRUIT;SEASHELLS;4969.0;13
161800;Valentina;Remy;STARFRUIT;SEASHELLS;4962.0;1
162000;Remy;Valentina;AMETHYSTS;SEASHELLS;10005.0;2
162000;Remy;Valentina;STARFRUIT;SEASHELLS;4968.0;2
162300;Rhianna;Remy;AMETHYSTS;SEASHELLS;10002.0;2
162300;Valentina;Remy;STARFRUIT;SEASHELLS;4962.0;2
162400;Valentina;Remy;STARFRUIT;SEASHELLS;4962.0;1
162700;Vinnie;Remy;AMETHYSTS;SEASHELLS;9996.0;1
162700;Vladimir;Remy;STARFRUIT;SEASHELLS;4962.0;1
162800;Valentina;Remy;AMETHYSTS;SEASHELLS;9995.0;2
162800;Valentina;Remy;STARFRUIT;SEASHELLS;4961.0;2
163100;Remy;Vladimir;STARFRUIT;SEASHELLS;4967.0;1
163300;Remy;Valentina;STARFRUIT;SEASHELLS;4969.0;1
163600;Valentina;Vinnie;STARFRUIT;SEASHELLS;4966.0;2
163700;Valentina;Ruby;STARFRUIT;SEASHELLS;4963.0;4
163900;Rhianna;Valentina;AMETHYSTS;SEASHELLS;10002.0;4
163900;Remy;Valentina;AMETHYSTS;SEASHELLS;10002.0;1
164000;Vinnie;Amelia;AMETHYSTS;SEASHELLS;10000.0;3
164600;Vladimir;Remy;AMETHYSTS;SEASHELLS;9998.0;1
164800;Remy;Rhianna;AMETHYSTS;SEASHELLS;9998.0;1
164900;Vladimir;Rhianna;STARFRUIT;SEASHELLS;4964.0;3
165000;Rhianna;Valentina;AMETHYSTS;SEASHELLS;10002.0;2
165300;Valentina;Ruby;AMETHYSTS;SEASHELLS;9996.0;3
165300;Vinnie;Ruby;AMETHYSTS;SEASHELLS;9996.0;1
165500;Remy;Vladimir;STARFRUIT;SEASHELLS;4968.0;1
165700;Remy;Vladimir;STARFRUIT;SEASHELLS;4968.0;1
166100;Rhianna;Vladimir;AMETHYSTS;SEASHELLS;10002.0;1
166300;Remy;Valentina;AMETHYSTS;SEASHELLS;10002.0;1
166400;Remy;Valentina;AMETHYSTS;SEASHELLS;10002.0;1
166600;Valentina;Rhianna;STARFRUIT;SEASHELLS;4964.0;3
166700;Remy;Remy;AMETHYSTS;SEASHELLS;10002.0;1
166700;Valentina;Remy;STARFRUIT;SEASHELLS;4963.0;1
167300;Remy;Valentina;STARFRUIT;SEASHELLS;4968.0;2
167300;Remy;Valentina;AMETHYSTS;SEASHELLS;10005.0;2
168100;Remy;Valentina;AMETHYSTS;SEASHELLS;10002.0;1
168200;Valentina;Remy;AMETHYSTS;SEASHELLS;9995.0;1
168200;Valentina;Remy;STARFRUIT;SEASHELLS;4960.0;1
168900;Valentina;Rhianna;AMETHYSTS;SEASHELLS;9998.0;5
169200;Vinnie;Remy;STARFRUIT;SEASHELLS;4959.0;1
169300;Rhianna;Vinnie;AMETHYSTS;SEASHELLS;10002.0;1
169300;Valentina;Vinnie;STARFRUIT;SEASHELLS;4962.0;3
169500;Ruby;Valentina;STARFRUIT;SEASHELLS;4966.0;12
169600;Remy;Valentina;STARFRUIT;SEASHELLS;4966.0;1
170000;Remy;Vladimir;STARFRUIT;SEASHELLS;4965.0;2
170000;Rhianna;Remy;STARFRUIT;SEASHELLS;4964.0;1
170000;Remy;Vladimir;AMETHYSTS;SEASHELLS;10002.0;2
170200;Remy;Valentina;STARFRUIT;SEASHELLS;4967.0;1
170200;Remy;Vinnie;AMETHYSTS;SEASHELLS;10004.0;1
170400;Amelia;Valentina;STARFRUIT;SEASHELLS;4967.0;12
171400;Valentina;Remy;AMETHYSTS;SEASHELLS;9998.0;1
171700;Remy;Vinnie;AMETHYSTS;SEASHELLS;10004.0;1
171700;Remy;Vladimir;STARFRUIT;SEASHELLS;4964.0;1
172000;Valentina;Amelia;STARFRUIT;SEASHELLS;4959.0;13
172100;Remy;Adam;AMETHYSTS;SEASHELLS;10002.0;1
172200;Remy;Valentina;AMETHYSTS;SEASHELLS;10002.0;1
172300;Remy;Vladimir;AMETHYSTS;SEASHELLS;10002.0;1
172600;Remy;Valentina;AMETHYSTS;SEASHELLS;10002.0;1
172700;Ruby;Vinnie;AMETHYSTS;SEASHELLS;10004.0;2
173100;Ruby;Valentina;AMETHYSTS;SEASHELLS;10005.0;4
173600;Remy;Valentina;STARFRUIT;SEASHELLS;4965.0;1
173700;Valentina;Remy;AMETHYSTS;SEASHELLS;9998.0;1
174100;Valentina;Remy;AMETHYSTS;SEASHELLS;9998.0;1
174100;Remy;Valentina;STARFRUIT;SEASHELLS;4963.0;1
174400;Valentina;Vinnie;STARFRUIT;SEASHELLS;4960.0;3
174700;Rhianna;Valentina;STARFRUIT;SEASHELLS;4961.0;2
174900;Remy;Vladimir;AMETHYSTS;SEASHELLS;10002.0;1
174900;Remy;Vladimir;STARFRUIT;SEASHELLS;4962.0;1
175200;Remy;Vladimir;STARFRUIT;SEASHELLS;4963.0;1
175200;Valentina;Remy;STARFRUIT;SEASHELLS;4958.0;2
175200;Vinnie;Remy;AMETHYSTS;SEASHELLS;9996.0;2
175200;Valentina;Remy;AMETHYSTS;SEASHELLS;9998.0;1
175500;Remy;Vinnie;AMETHYSTS;SEASHELLS;10004.0;1
175500;Remy;Valentina;STARFRUIT;SEASHELLS;4964.0;1
175600;Remy;Valentina;STARFRUIT;SEASHELLS;4963.0;1
176000;Vinnie;Remy;STARFRUIT;SEASHELLS;4958.0;1
176100;Remy;Vladimir;AMETHYSTS;SEASHELLS;10002.0;1
176500;Remy;Vinnie;AMETHYSTS;SEASHELLS;10004.0;1
176500;Remy;Vinnie;STARFRUIT;SEASHELLS;4963.0;1
176900;Valentina;Rhianna;STARFRUIT;SEASHELLS;4959.0;2
176900;Amelia;Valentina;AMETHYSTS;SEASHELLS;10005.0;9
177200;Vinnie;Adam;STARFRUIT;SEASHELLS;4958.0;1
177200;Vladimir;Adam;STARFRUIT;SEASHELLS;4958.0;7
177300;Valentina;Rhianna;STARFRUIT;SEASHELLS;4959.0;2
177900;Vladimir;Amelia;AMETHYSTS;SEASHELLS;9998.0;3
178200;Remy;Valentina;STARFRUIT;SEASHELLS;4962.0;1
178500;Valentina;Ruby;STARFRUIT;SEASHELLS;4956.0;13
178700;Valentina;Adam;STARFRUIT;SEASHELLS;4957.0;7
178800;Valentina;Rhianna;STARFRUIT;SEASHELLS;4958.0;4
179600;Remy;Valentina;AMETHYSTS;SEASHELLS;10002.0;1
179600;Valentina;Adam;STARFRUIT;SEASHELLS;4959.0;7
180000;Valentina;Remy;STARFRUIT;SEASHELLS;4957.0;1
180500;Vinnie;Remy;STARFRUIT;SEASHELLS;4956.0;1
180900;Remy;Rhianna;AMETHYSTS;SEASHELLS;9998.0;1
180900;Vladimir;Rhianna;AMETHYSTS;SEASHELLS;9998.0;2
181000;Remy;Vladimir;AMETHYSTS;SEASHELLS;10002.0;1
181400;Valentina;Remy;STARFRUIT;SEASHELLS;4957.0;1
181500;Vladimir;Ruby;STARFRUIT;SEASHELLS;4957.0;2
181600;Vinnie;Ruby;AMETHYSTS;SEASHELLS;9996.0;1
181800;Remy;Valentina;AMETHYSTS;SEASHELLS;10005.0;2
181800;Remy;Vladimir;STARFRUIT;SEASHELLS;4961.0;2
182300;Valentina;Rhianna;AMETHYSTS;SEASHELLS;9998.0;3
182300;Vladimir;Rhianna;AMETHYSTS;SEASHELLS;9998.0;1
182500;Remy;Valentina;AMETHYSTS;SEASHELLS;10002.0;1
182700;Vinnie;Ruby;AMETHYSTS;SEASHELLS;9996.0;2
182900;Remy;Valentina;AMETHYSTS;SEASHELLS;10002.0;1
183100;Vladimir;Remy;STARFRUIT;SEASHELLS;4957.0;1
183100;Rhianna;Valentina;AMETHYSTS;SEASHELLS;10002.0;1
183400;Vinnie;Remy;STARFRUIT;SEASHELLS;4957.0;1
183900;Remy;Valentina;AMETHYSTS;SEASHELLS;10002.0;1
184200;Valentina;Remy;STARFRUIT;SEASHELLS;4955.0;1
184400;Amelia;Valentina;STARFRUIT;SEASHELLS;4961.0;9
184800;Vinnie;Ruby;AMETHYSTS;SEASHELLS;10000.0;2
185000;Valentina;Remy;AMETHYSTS;SEASHELLS;9995.0;1
185000;Valentina;Remy;STARFRUIT;SEASHELLS;4955.0;1
185500;Vladimir;Amelia;STARFRUIT;SEASHELLS;4956.0;7
185500;Valentina;Amelia;STARFRUIT;SEASHELLS;4956.0;7
186000;Valentina;Remy;AMETHYSTS;SEASHELLS;9995.0;1
186000;Valentina;Remy;STARFRUIT;SEASHELLS;4955.0;1
186500;Vinnie;Remy;AMETHYSTS;SEASHELLS;9996.0;1
186500;Valentina;Remy;STARFRUIT;SEASHELLS;4955.0;1
186800;Valentina;Remy;STARFRUIT;SEASHELLS;4955.0;1
186800;Valentina;Ruby;AMETHYSTS;SEASHELLS;9995.0;6
186800;Valentina;Remy;AMETHYSTS;SEASHELLS;9995.0;1
186900;Amelia;Valentina;AMETHYSTS;SEASHELLS;10004.0;9
186900;Rhianna;Valentina;AMETHYSTS;SEASHELLS;10002.0;5
186900;Amelia;Vinnie;AMETHYSTS;SEASHELLS;10004.0;2
187300;Remy;Valentina;STARFRUIT;SEASHELLS;4959.0;1
187300;Valentina;Rhianna;AMETHYSTS;SEASHELLS;9998.0;2
187400;Ruby;Valentina;STARFRUIT;SEASHELLS;4961.0;13
187500;Adam;Remy;STARFRUIT;SEASHELLS;4955.0;1
187600;Amelia;Valentina;STARFRUIT;SEASHELLS;4961.0;15
187700;Remy;Vladimir;STARFRUIT;SEASHELLS;4960.0;1
188400;Valentina;Remy;STARFRUIT;SEASHELLS;4954.0;1
188700;Remy;Valentina;STARFRUIT;SEASHELLS;4958.0;1
188700;Remy;Valentina;AMETHYSTS;SEASHELLS;10002.0;1
188900;Remy;Valentina;STARFRUIT;SEASHELLS;4958.0;1
189000;Remy;Valentina;AMETHYSTS;SEASHELLS;10002.0;1
189300;Vladimir;Remy;STARFRUIT;SEASHELLS;4954.0;1
189500;Vinnie;Ruby;STARFRUIT;SEASHELLS;4954.0;2
189700;Remy;Valentina;STARFRUIT;SEASHELLS;4961.0;1
189700;Remy;Valentina;AMETHYSTS;SEASHELLS;10005.0;1
189800;Amelia;Valentina;STARFRUIT;SEASHELLS;4961.0;11
189900;Vladimir;Remy;AMETHYSTS;SEASHELLS;9998.0;1
190400;Ruby;Valentina;AMETHYSTS;SEASHELLS;10002.0;1
190400;Ruby;Vladimir;AMETHYSTS;SEASHELLS;10002.0;4
191300;Ruby;Valentina;STARFRUIT;SEASHELLS;4960.0;7
191500;Valentina;Remy;STARFRUIT;SEASHELLS;4953.0;2
191500;Valentina;Remy;AMETHYSTS;SEASHELLS;9995.0;2
191600;Valentina;Rhianna;AMETHYSTS;SEASHELLS;9998.0;3
191600;Valentina;Remy;STARFRUIT;SEASHELLS;4954.0;1
191900;Remy;Valentina;AMETHYSTS;SEASHELLS;10002.0;1
193100;Vinnie;Remy;STARFRUIT;SEASHELLS;4954.0;1
193400;Rhianna;Valentina;AMETHYSTS;SEASHELLS;10002.0;2
193600;Amelia;Valentina;STARFRUIT;SEASHELLS;4958.0;10
193600;Amelia;Remy;STARFRUIT;SEASHELLS;4958.0;2
193600;Valentina;Remy;AMETHYSTS;SEASHELLS;9995.0;2
193600;Amelia;Vladimir;STARFRUIT;SEASHELLS;4958.0;3
194600;Remy;Vladimir;STARFRUIT;SEASHELLS;4956.0;2
194600;Remy;Rhianna;AMETHYSTS;SEASHELLS;9998.0;2
195300;Ruby;Valentina;STARFRUIT;SEASHELLS;4958.0;11
195700;Remy;Valentina;AMETHYSTS;SEASHELLS;10002.0;1
196100;Valentina;Remy;STARFRUIT;SEASHELLS;4951.0;1
196400;Valentina;Remy;STARFRUIT;SEASHELLS;4952.0;1
196600;Vladimir;Remy;AMETHYSTS;SEASHELLS;9998.0;1
196600;Remy;Valentina;STARFRUIT;SEASHELLS;4956.0;1
196700;Vladimir;Remy;AMETHYSTS;SEASHELLS;9998.0;2
196700;Vladimir;Remy;STARFRUIT;SEASHELLS;4952.0;2
196800;Valentina;Rhianna;AMETHYSTS;SEASHELLS;9998.0;4
196800;Valentina;Rhianna;STARFRUIT;SEASHELLS;4952.0;5
197100;Valentina;Rhianna;AMETHYSTS;SEASHELLS;9998.0;4
197200;Remy;Valentina;AMETHYSTS;SEASHELLS;10002.0;1
197300;Remy;Vladimir;STARFRUIT;SEASHELLS;4954.0;1
197300;Remy;Vinnie;AMETHYSTS;SEASHELLS;10004.0;2
197300;Remy;Valentina;STARFRUIT;SEASHELLS;4954.0;1
197400;Valentina;Rhianna;AMETHYSTS;SEASHELLS;9998.0;4
197600;Valentina;Remy;AMETHYSTS;SEASHELLS;9998.0;1
197900;Valentina;Rhianna;AMETHYSTS;SEASHELLS;9998.0;5
198000;Remy;Vladimir;STARFRUIT;SEASHELLS;4954.0;1
198000;Remy;Vinnie;AMETHYSTS;SEASHELLS;10004.0;1
198100;Remy;Valentina;STARFRUIT;SEASHELLS;4954.0;1
198400;Valentina;Remy;STARFRUIT;SEASHELLS;4949.0;1
198400;Valentina;Vinnie;STARFRUIT;SEASHELLS;4952.0;2
198500;Valentina;Ruby;STARFRUIT;SEASHELLS;4949.0;11
198700;Valentina;Rhianna;AMETHYSTS;SEASHELLS;9998.0;5
198900;Remy;Valentina;STARFRUIT;SEASHELLS;4954.0;1
199000;Rhianna;Valentina;STARFRUIT;SEASHELLS;4955.0;14
199000;Vinnie;Remy;AMETHYSTS;SEASHELLS;9996.0;1
199000;Vladimir;Remy;STARFRUIT;SEASHELLS;4949.0;1
199000;Rhianna;Vinnie;STARFRUIT;SEASHELLS;4954.0;1
199400;Remy;Vladimir;AMETHYSTS;SEASHELLS;10002.0;2
199400;Remy;Valentina;STARFRUIT;SEASHELLS;4955.0;1
199400;Remy;Vinnie;STARFRUIT;SEASHELLS;4955.0;1
199500;Rhianna;Vladimir;STARFRUIT;SEASHELLS;4954.0;5
199900;Valentina;Remy;STARFRUIT;SEASHELLS;4950.0;1
200100;Vinnie;Ruby;AMETHYSTS;SEASHELLS;9996.0;1
200200;Rhianna;Vladimir;STARFRUIT;SEASHELLS;4956.0;3
200300;Vinnie;Remy;AMETHYSTS;SEASHELLS;9996.0;1
200300;Vinnie;Remy;STARFRUIT;SEASHELLS;4952.0;1
200300;Valentina;Remy;STARFRUIT;SEASHELLS;4952.0;1
200300;Valentina;Remy;AMETHYSTS;SEASHELLS;9996.0;1
200400;Ruby;Valentina;AMETHYSTS;SEASHELLS;10004.0;7
200400;Ruby;Vinnie;AMETHYSTS;SEASHELLS;10004.0;1
200500;Remy;Vinnie;AMETHYSTS;SEASHELLS;10004.0;2
200500;Remy;Valentina;STARFRUIT;SEASHELLS;4958.0;2
200600;Ruby;Remy;AMETHYSTS;SEASHELLS;10002.0;2
200600;Ruby;Vladimir;AMETHYSTS;SEASHELLS;10002.0;1
200600;Valentina;Remy;STARFRUIT;SEASHELLS;4952.0;2
201700;Valentina;Rhianna;AMETHYSTS;SEASHELLS;9998.0;1
201700;Vinnie;Ruby;AMETHYSTS;SEASHELLS;9996.0;2
201700;Valentina;Ruby;AMETHYSTS;SEASHELLS;9996.0;1
201900;Valentina;Remy;AMETHYSTS;SEASHELLS;9998.0;1
202300;Amelia;Valentina;STARFRUIT;SEASHELLS;4961.0;8
202400;Vladimir;Remy;STARFRUIT;SEASHELLS;4955.0;1
202800;Valentina;Remy;AMETHYSTS;SEASHELLS;9998.0;1
202900;Vinnie;Remy;AMETHYSTS;SEASHELLS;9996.0;1
202900;Valentina;Remy;STARFRUIT;SEASHELLS;4955.0;2
203600;Valentina;Rhianna;STARFRUIT;SEASHELLS;4957.0;2
203800;Valentina;Remy;AMETHYSTS;SEASHELLS;9998.0;1
203900;Remy;Rhianna;AMETHYSTS;SEASHELLS;9998.0;2
203900;Remy;Valentina;STARFRUIT;SEASHELLS;4962.0;2
204200;Remy;Vladimir;AMETHYSTS;SEASHELLS;10002.0;1
204200;Adam;Valentina;STARFRUIT;SEASHELLS;4961.0;4
204200;Adam;Rhianna;STARFRUIT;SEASHELLS;4958.0;4
204200;Amelia;Valentina;STARFRUIT;SEASHELLS;4963.0;11
204400;Remy;Vladimir;AMETHYSTS;SEASHELLS;10002.0;1
204600;Vinnie;Amelia;AMETHYSTS;SEASHELLS;10000.0;3
204800;Adam;Remy;AMETHYSTS;SEASHELLS;9998.0;1
204800;Adam;Rhianna;AMETHYSTS;SEASHELLS;9998.0;4
204800;Adam;Vladimir;AMETHYSTS;SEASHELLS;10002.0;6
204900;Remy;Valentina;STARFRUIT;SEASHELLS;4961.0;1
205200;Vinnie;Remy;STARFRUIT;SEASHELLS;4957.0;2
205200;Vinnie;Remy;AMETHYSTS;SEASHELLS;9996.0;2
205300;Remy;Valentina;STARFRUIT;SEASHELLS;4963.0;1
205300;Remy;Vinnie;AMETHYSTS;SEASHELLS;10004.0;1
205600;Valentina;Ruby;AMETHYSTS;SEASHELLS;9995.0;8
205900;Vladimir;Rhianna;AMETHYSTS;SEASHELLS;9998.0;1
206200;Valentina;Remy;AMETHYSTS;SEASHELLS;9998.0;1
206400;Valentina;Remy;AMETHYSTS;SEASHELLS;9995.0;1
206400;Valentina;Remy;STARFRUIT;SEASHELLS;4957.0;1
206600;Vinnie;Ruby;STARFRUIT;SEASHELLS;4957.0;1
206600;Vladimir;Ruby;STARFRUIT;SEASHELLS;4957.0;3
207100;Remy;Valentina;STARFRUIT;SEASHELLS;4964.0;2
207100;Remy;Valentina;AMETHYSTS;SEASHELLS;10005.0;2
207200;Valentina;Remy;STARFRUIT;SEASHELLS;4956.0;1
207300;Valentina;Remy;STARFRUIT;SEASHELLS;4956.0;1
207700;Remy;Valentina;STARFRUIT;SEASHELLS;4963.0;1
207800;Amelia;Rhianna;AMETHYSTS;SEASHELLS;9998.0;4
208000;Vladimir;Remy;STARFRUIT;SEASHELLS;4958.0;1
208100;Ruby;Valentina;STARFRUIT;SEASHELLS;4965.0;14
208200;Remy;Valentina;STARFRUIT;SEASHELLS;4963.0;1
208400;Valentina;Remy;STARFRUIT;SEASHELLS;4957.0;1
208500;Valentina;Remy;AMETHYSTS;SEASHELLS;9998.0;1
209000;Valentina;Rhianna;AMETHYSTS;SEASHELLS;9998.0;4
209300;Valentina;Remy;AMETHYSTS;SEASHELLS;9995.0;1
209300;Valentina;Remy;STARFRUIT;SEASHELLS;4958.0;1
209600;Valentina;Remy;STARFRUIT;SEASHELLS;4959.0;1
209700;Valentina;Rhianna;STARFRUIT;SEASHELLS;4960.0;5
209900;Vinnie;Remy;AMETHYSTS;SEASHELLS;9996.0;2
209900;Vinnie;Remy;STARFRUIT;SEASHELLS;4959.0;2
210000;Valentina;Vinnie;STARFRUIT;SEASHELLS;4961.0;3
210000;Valentina;Ruby;AMETHYSTS;SEASHELLS;9995.0;4
210000;Valentina;Remy;AMETHYSTS;SEASHELLS;9998.0;1
210200;Amelia;Valentina;STARFRUIT;SEASHELLS;4964.0;11
210400;Remy;Adam;AMETHYSTS;SEASHELLS;10002.0;1
211300;Remy;Valentina;STARFRUIT;SEASHELLS;4963.0;1
212500;Remy;Valentina;STARFRUIT;SEASHELLS;4964.0;1
212700;Vinnie;Ruby;AMETHYSTS;SEASHELLS;9996.0;2
212700;Vladimir;Remy;STARFRUIT;SEASHELLS;4959.0;1
212800;Rhianna;Valentina;AMETHYSTS;SEASHELLS;10002.0;3
212900;Valentina;Rhianna;AMETHYSTS;SEASHELLS;9998.0;5
213100;Vladimir;Rhianna;AMETHYSTS;SEASHELLS;9998.0;1
213100;Valentina;Rhianna;AMETHYSTS;SEASHELLS;9998.0;3
213400;Vladimir;Rhianna;AMETHYSTS;SEASHELLS;9998.0;2
214400;Amelia;Vinnie;AMETHYSTS;SEASHELLS;10004.0;2
214600;Vladimir;Remy;AMETHYSTS;SEASHELLS;9998.0;1
214700;Vladimir;Remy;STARFRUIT;SEASHELLS;4957.0;1
214800;Valentina;Vinnie;STARFRUIT;SEASHELLS;4959.0;3
215100;Remy;Valentina;AMETHYSTS;SEASHELLS;10005.0;2
215100;Remy;Valentina;STARFRUIT;SEASHELLS;4963.0;2
215200;Remy;Vinnie;AMETHYSTS;SEASHELLS;10002.0;1
215200;Valentina;Vinnie;STARFRUIT;SEASHELLS;4959.0;5
215400;Valentina;Vinnie;STARFRUIT;SEASHELLS;4958.0;3
216400;Valentina;Vinnie;STARFRUIT;SEASHELLS;4957.0;6
216500;Remy;Vladimir;AMETHYSTS;SEASHELLS;10002.0;1
216500;Valentina;Remy;STARFRUIT;SEASHELLS;4955.0;1
216700;Valentina;Remy;STARFRUIT;SEASHELLS;4955.0;1
216700;Valentina;Ruby;STARFRUIT;SEASHELLS;4955.0;8
217100;Remy;Rhianna;STARFRUIT;SEASHELLS;4956.0;1
217100;Valentina;Rhianna;STARFRUIT;SEASHELLS;4956.0;2
217100;Remy;Vinnie;AMETHYSTS;SEASHELLS;10004.0;1
217500;Remy;Valentina;AMETHYSTS;SEASHELLS;10002.0;1
217900;Vladimir;Remy;STARFRUIT;SEASHELLS;4958.0;1
217900;Vinnie;Remy;AMETHYSTS;SEASHELLS;9996.0;1
218100;Valentina;Remy;AMETHYSTS;SEASHELLS;9998.0;1
218400;Remy;Valentina;STARFRUIT;SEASHELLS;4964.0;1
218400;Remy;Valentina;AMETHYSTS;SEASHELLS;10005.0;1
219500;Remy;Ruby;STARFRUIT;SEASHELLS;4959.0;1
219900;Remy;Valentina;STARFRUIT;SEASHELLS;4958.0;1
220100;Remy;Remy;STARFRUIT;SEASHELLS;4958.0;1
220100;Vinnie;Remy;AMETHYSTS;SEASHELLS;9996.0;1
220300;Valentina;Remy;STARFRUIT;SEASHELLS;4952.0;2
220300;Remy;Remy;AMETHYSTS;SEASHELLS;10002.0;1
220800;Valentina;Remy;STARFRUIT;SEASHELLS;4954.0;1
221500;Remy;Valentina;STARFRUIT;SEASHELLS;4958.0;1
221700;Valentina;Remy;STARFRUIT;SEASHELLS;4953.0;1
221800;Valentina;Amelia;STARFRUIT;SEASHELLS;4953.0;12
221800;Valentina;Vinnie;STARFRUIT;SEASHELLS;4956.0;6
222500;Remy;Remy;AMETHYSTS;SEASHELLS;9998.0;1
222500;Remy;Vladimir;STARFRUIT;SEASHELLS;4959.0;2
222600;Rhianna;Remy;AMETHYSTS;SEASHELLS;10002.0;1
222900;Ruby;Valentina;AMETHYSTS;SEASHELLS;10005.0;8
223200;Rhianna;Valentina;AMETHYSTS;SEASHELLS;10002.0;1
223200;Valentina;Remy;STARFRUIT;SEASHELLS;4955.0;1
223400;Remy;Valentina;STARFRUIT;SEASHELLS;4960.0;1
223900;Rhianna;Valentina;AMETHYSTS;SEASHELLS;10002.0;3
223900;Amelia;Valentina;STARFRUIT;SEASHELLS;4960.0;15
224300;Remy;Vinnie;STARFRUIT;SEASHELLS;4959.0;2
224300;Remy;Vinnie;AMETHYSTS;SEASHELLS;10004.0;2
224500;Remy;Vinnie;AMETHYSTS;SEASHELLS;10004.0;1
224500;Remy;Valentina;STARFRUIT;SEASHELLS;4960.0;1
224600;Vladimir;Remy;STARFRUIT;SEASHELLS;4953.0;1
224800;Ruby;Valentina;AMETHYSTS;SEASHELLS;10005.0;7
224900;Valentina;Remy;STARFRUIT;SEASHELLS;4954.0;1
225000;Rhianna;Valentina;STARFRUIT;SEASHELLS;4958.0;4
225500;Valentina;Vinnie;STARFRUIT;SEASHELLS;4955.0;3
225800;Valentina;Remy;STARFRUIT;SEASHELLS;4953.0;1
226000;Valentina;Remy;AMETHYSTS;SEASHELLS;9995.0;2
226000;Vladimir;Remy;STARFRUIT;SEASHELLS;4953.0;2
226100;Remy;Valentina;AMETHYSTS;SEASHELLS;10005.0;1
226100;Remy;Valentina;STARFRUIT;SEASHELLS;4959.0;1
226300;Remy;Vladimir;AMETHYSTS;SEASHELLS;10002.0;1
226300;Adam;Valentina;STARFRUIT;SEASHELLS;4956.0;5
226300;Adam;Ruby;STARFRUIT;SEASHELLS;4956.0;5
226500;Remy;Valentina;AMETHYSTS;SEASHELLS;10002.0;1
226700;Valentina;Remy;STARFRUIT;SEASHELLS;4951.0;1
226800;Remy;Vinnie;STARFRUIT;SEASHELLS;4956.0;1
226800;Valentina;Vinnie;STARFRUIT;SEASHELLS;4953.0;4
227400;Vladimir;Rhianna;AMETHYSTS;SEASHELLS;9998.0;5
227500;Vladimir;Remy;STARFRUIT;SEASHELLS;4950.0;1
227600;Vladimir;Ruby;AMETHYSTS;SEASHELLS;9998.0;3
227600;Vladimir;Remy;AMETHYSTS;SEASHELLS;9998.0;1
227600;Valentina;Ruby;AMETHYSTS;SEASHELLS;9998.0;3
227600;Remy;Valentina;STARFRUIT;SEASHELLS;4955.0;1
227700;Remy;Vinnie;STARFRUIT;SEASHELLS;4956.0;1
227700;Remy;Vinnie;AMETHYSTS;SEASHELLS;10004.0;1
227700;Vladimir;Rhianna;AMETHYSTS;SEASHELLS;9998.0;4
227800;Valentina;Remy;STARFRUIT;SEASHELLS;4949.0;1
227900;Remy;Valentina;STARFRUIT;SEASHELLS;4954.0;1
228300;Vladimir;Rhianna;AMETHYSTS;SEASHELLS;9998.0;4
228700;Vladimir;Remy;AMETHYSTS;SEASHELLS;9998.0;1
229200;Ruby;Valentina;AMETHYSTS;SEASHELLS;10005.0;8
229600;Ruby;Vladimir;AMETHYSTS;SEASHELLS;10002.0;4
230000;Remy;Valentina;AMETHYSTS;SEASHELLS;10002.0;1
230400;Valentina;Remy;STARFRUIT;SEASHELLS;4951.0;1
230600;Vinnie;Remy;AMETHYSTS;SEASHELLS;9996.0;2
230600;Rhianna;Valentina;STARFRUIT;SEASHELLS;4954.0;2
230600;Remy;Vladimir;STARFRUIT;SEASHELLS;4955.0;1
230600;Rhianna;Remy;STARFRUIT;SEASHELLS;4954.0;2
231100;Remy;Valentina;STARFRUIT;SEASHELLS;4956.0;1
232500;Valentina;Remy;STARFRUIT;SEASHELLS;4953.0;1
232700;Valentina;Remy;STARFRUIT;SEASHELLS;4953.0;1
232700;Valentina;Rhianna;AMETHYSTS;SEASHELLS;9998.0;2
233000;Valentina;Rhianna;AMETHYSTS;SEASHELLS;9998.0;4
233100;Remy;Valentina;STARFRUIT;SEASHELLS;4960.0;1
233100;Remy;Vladimir;AMETHYSTS;SEASHELLS;10002.0;1
233200;Valentina;Rhianna;AMETHYSTS;SEASHELLS;9998.0;1
233500;Remy;Vladimir;AMETHYSTS;SEASHELLS;10002.0;1
233900;Valentina;Ruby;STARFRUIT;SEASHELLS;4953.0;4
234500;Vladimir;Remy;AMETHYSTS;SEASHELLS;9998.0;1
234500;Valentina;Remy;STARFRUIT;SEASHELLS;4954.0;1
234800;Valentina;Rhianna;AMETHYSTS;SEASHELLS;9998.0;1
235400;Valentina;Remy;AMETHYSTS;SEASHELLS;9998.0;1
235400;Remy;Valentina;STARFRUIT;SEASHELLS;4960.0;1
235700;Remy;Valentina;AMETHYSTS;SEASHELLS;10002.0;1
236100;Valentina;Amelia;AMETHYSTS;SEASHELLS;9995.0;12
236100;Valentina;Remy;AMETHYSTS;SEASHELLS;9998.0;1
236100;Valentina;Ruby;AMETHYSTS;SEASHELLS;9995.0;5
236400;Valentina;Remy;AMETHYSTS;SEASHELLS;9998.0;1
236400;Valentina;Remy;STARFRUIT;SEASHELLS;4956.0;2
236400;Vinnie;Remy;AMETHYSTS;SEASHELLS;9996.0;2
236500;Valentina;Ruby;AMETHYSTS;SEASHELLS;9995.0;2
236500;Valentina;Remy;STARFRUIT;SEASHELLS;4957.0;1
236500;Amelia;Valentina;STARFRUIT;SEASHELLS;4964.0;13
236600;Vinnie;Ruby;AMETHYSTS;SEASHELLS;10000.0;3
236700;Valentina;Remy;STARFRUIT;SEASHELLS;4957.0;1
236900;Valentina;Vinnie;STARFRUIT;SEASHELLS;4958.0;4
237000;Remy;Valentina;STARFRUIT;SEASHELLS;4962.0;1
237000;Remy;Valentina;AMETHYSTS;SEASHELLS;10005.0;1
237000;Ruby;Vinnie;AMETHYSTS;SEASHELLS;10004.0;1
237100;Valentina;Remy;AMETHYSTS;SEASHELLS;9998.0;1
237100;Valentina;Ruby;AMETHYSTS;SEASHELLS;9995.0;4
237200;Vinnie;Adam;STARFRUIT;SEASHELLS;4956.0;1
237700;Vladimir;Remy;STARFRUIT;SEASHELLS;4956.0;1
237900;Remy;Vinnie;AMETHYSTS;SEASHELLS;10004.0;1
237900;Remy;Vinnie;STARFRUIT;SEASHELLS;4961.0;1
238000;Remy;Vinnie;AMETHYSTS;SEASHELLS;10004.0;1
238000;Remy;Valentina;STARFRUIT;SEASHELLS;4962.0;1
238300;Amelia;Valentina;STARFRUIT;SEASHELLS;4961.0;13
238700;Valentina;Remy;STARFRUIT;SEASHELLS;4953.0;2
238700;Remy;Remy;AMETHYSTS;SEASHELLS;10002.0;1
239100;Vinnie;Remy;STARFRUIT;SEASHELLS;4953.0;1
239200;Remy;Valentina;STARFRUIT;SEASHELLS;4958.0;1
239300;Rhianna;Vladimir;STARFRUIT;SEASHELLS;4957.0;5
239400;Remy;Valentina;AMETHYSTS;SEASHELLS;10002.0;1
239800;Vladimir;Remy;AMETHYSTS;SEASHELLS;9998.0;1
240100;Vinnie;Remy;AMETHYSTS;SEASHELLS;9998.0;1
240700;Vladimir;Rhianna;AMETHYSTS;SEASHELLS;9998.0;1
241000;Valentina;Remy;STARFRUIT;SEASHELLS;4953.0;1
241200;Valentina;Remy;STARFRUIT;SEASHELLS;4954.0;1
241200;Amelia;Rhianna;AMETHYSTS;SEASHELLS;9998.0;3
241300;Vladimir;Adam;AMETHYSTS;SEASHELLS;9998.0;8
241300;Valentina;Adam;AMETHYSTS;SEASHELLS;9998.0;4
241400;Vinnie;Amelia;AMETHYSTS;SEASHELLS;9996.0;1
241400;Valentina;Amelia;AMETHYSTS;SEASHELLS;9996.0;9
241500;Valentina;Remy;STARFRUIT;SEASHELLS;4954.0;1
241600;Valentina;Vinnie;STARFRUIT;SEASHELLS;4957.0;2
241700;Remy;Valentina;STARFRUIT;SEASHELLS;4960.0;2
241700;Remy;Vladimir;AMETHYSTS;SEASHELLS;10002.0;2
241800;Rhianna;Remy;AMETHYSTS;SEASHELLS;10002.0;1
242200;Valentina;Remy;AMETHYSTS;SEASHELLS;9998.0;1
242300;Remy;Valentina;AMETHYSTS;SEASHELLS;10002.0;1
242400;Valentina;Amelia;STARFRUIT;SEASHELLS;4954.0;11
242600;Remy;Valentina;STARFRUIT;SEASHELLS;4958.0;1
242800;Ruby;Valentina;AMETHYSTS;SEASHELLS;10005.0;8
242900;Remy;Vladimir;STARFRUIT;SEASHELLS;4958.0;1
243100;Vinnie;Remy;STARFRUIT;SEASHELLS;4952.0;1
243200;Ruby;Valentina;AMETHYSTS;SEASHELLS;10005.0;4
243200;Valentina;Rhianna;STARFRUIT;SEASHELLS;4953.0;3
243300;Vladimir;Rhianna;AMETHYSTS;SEASHELLS;9998.0;3
243400;Remy;Remy;STARFRUIT;SEASHELLS;4957.0;1
243400;Vinnie;Remy;AMETHYSTS;SEASHELLS;9996.0;1
243600;Ruby;Valentina;STARFRUIT;SEASHELLS;4959.0;10
243600;Adam;Remy;STARFRUIT;SEASHELLS;4952.0;1
243600;Adam;Valentina;STARFRUIT;SEASHELLS;4957.0;6
243700;Vinnie;Remy;AMETHYSTS;SEASHELLS;9996.0;1
243700;Valentina;Remy;STARFRUIT;SEASHELLS;4952.0;2
244100;Valentina;Remy;AMETHYSTS;SEASHELLS;9998.0;1
244300;Valentina;Amelia;STARFRUIT;SEASHELLS;4952.0;8
244400;Valentina;Remy;AMETHYSTS;SEASHELLS;9998.0;1
244700;Remy;Valentina;STARFRUIT;SEASHELLS;4958.0;1
244900;Remy;Vinnie;AMETHYSTS;SEASHELLS;10002.0;1
245000;Amelia;Vladimir;AMETHYSTS;SEASHELLS;10002.0;8
245200;Valentina;Remy;STARFRUIT;SEASHELLS;4954.0;1
245300;Valentina;Amelia;STARFRUIT;SEASHELLS;4954.0;12
246100;Rhianna;Valentina;AMETHYSTS;SEASHELLS;10002.0;3
246200;Rhianna;Valentina;AMETHYSTS;SEASHELLS;10002.0;3
246700;Valentina;Rhianna;STARFRUIT;SEASHELLS;4957.0;4
247100;Valentina;Remy;AMETHYSTS;SEASHELLS;9998.0;1
247300;Vladimir;Remy;STARFRUIT;SEASHELLS;4956.0;1
247400;Remy;Vladimir;STARFRUIT;SEASHELLS;4961.0;1
247600;Vladimir;Rhianna;AMETHYSTS;SEASHELLS;9998.0;2
247600;Valentina;Remy;STARFRUIT;SEASHELLS;4957.0;1
247600;Vladimir;Ruby;AMETHYSTS;SEASHELLS;9998.0;1
247600;Valentina;Ruby;AMETHYSTS;SEASHELLS;9998.0;4
247700;Vladimir;Adam;AMETHYSTS;SEASHELLS;9998.0;6
247700;Vinnie;Remy;AMETHYSTS;SEASHELLS;9996.0;2
247700;Vladimir;Remy;STARFRUIT;SEASHELLS;4957.0;2
247900;Valentina;Amelia;AMETHYSTS;SEASHELLS;9996.0;9
247900;Vinnie;Amelia;AMETHYSTS;SEASHELLS;9996.0;1
248400;Valentina;Remy;STARFRUIT;SEASHELLS;4956.0;1
248400;Vinnie;Remy;AMETHYSTS;SEASHELLS;9996.0;1
248700;Valentina;Remy;AMETHYSTS;SEASHELLS;9998.0;1
248700;Valentina;Adam;STARFRUIT;SEASHELLS;4956.0;10
249000;Remy;Valentina;AMETHYSTS;SEASHELLS;10002.0;1
249300;Valentina;Remy;AMETHYSTS;SEASHELLS;9998.0;1
249400;Valentina;Remy;STARFRUIT;SEASHELLS;4956.0;1
249400;Vladimir;Remy;AMETHYSTS;SEASHELLS;9998.0;1
249800;Remy;Valentina;AMETHYSTS;SEASHELLS;10002.0;1
249900;Remy;Valentina;STARFRUIT;SEASHELLS;4960.0;1
249900;Remy;Valentina;AMETHYSTS;SEASHELLS;10002.0;1
250500;Remy;Valentina;AMETHYSTS;SEASHELLS;10005.0;2
250500;Rhianna;Valentina;AMETHYSTS;SEASHELLS;10002.0;1
250500;Remy;Valentina;STARFRUIT;SEASHELLS;4962.0;2
250600;Remy;Amelia;STARFRUIT;SEASHELLS;4960.0;1
250700;Vinnie;Rhianna;AMETHYSTS;SEASHELLS;9998.0;3
251100;Rhianna;Valentina;AMETHYSTS;SEASHELLS;10002.0;5
251300;Valentina;Remy;STARFRUIT;SEASHELLS;4954.0;1
251700;Vinnie;Ruby;AMETHYSTS;SEASHELLS;9996.0;2
251700;Valentina;Remy;AMETHYSTS;SEASHELLS;9998.0;1
251700;Valentina;Ruby;AMETHYSTS;SEASHELLS;9996.0;2
251900;Valentina;Adam;STARFRUIT;SEASHELLS;4955.0;8
251900;Valentina;Ruby;STARFRUIT;SEASHELLS;4954.0;15
252300;Ruby;Vladimir;AMETHYSTS;SEASHELLS;10002.0;5
252400;Valentina;Vinnie;STARFRUIT;SEASHELLS;4957.0;2
252800;Valentina;Remy;STARFRUIT;SEASHELLS;4956.0;2
252800;Vinnie;Remy;AMETHYSTS;SEASHELLS;9996.0;2
253500;Vinnie;Remy;STARFRUIT;SEASHELLS;4955.0;1
253500;Vinnie;Remy;AMETHYSTS;SEASHELLS;9996.0;1
253700;Valentina;Remy;STARFRUIT;SEASHELLS;4955.0;1
253800;Remy;Vladimir;AMETHYSTS;SEASHELLS;10002.0;1
254000;Remy;Valentina;STARFRUIT;SEASHELLS;4962.0;2
254000;Remy;Valentina;AMETHYSTS;SEASHELLS;10005.0;2
254400;Valentina;Vinnie;STARFRUIT;SEASHELLS;4958.0;3
254700;Remy;Valentina;STARFRUIT;SEASHELLS;4963.0;1
254700;Remy;Vinnie;AMETHYSTS;SEASHELLS;10004.0;1
254800;Remy;Valentina;AMETHYSTS;SEASHELLS;10002.0;1
255000;Valentina;Remy;STARFRUIT;SEASHELLS;4955.0;1
255100;Vinnie;Remy;AMETHYSTS;SEASHELLS;9996.0;1
255100;Vinnie;Remy;STARFRUIT;SEASHELLS;4956.0;1
255400;Valentina;Remy;STARFRUIT;SEASHELLS;4956.0;1
256000;Remy;Vladimir;STARFRUIT;SEASHELLS;4959.0;1
256100;Rhianna;Valentina;STARFRUIT;SEASHELLS;4958.0;4
256500;Ruby;Valentina;STARFRUIT;SEASHELLS;4960.0;6
256700;Ruby;Vladimir;STARFRUIT;SEASHELLS;4958.0;7
256900;Remy;Vladimir;STARFRUIT;SEASHELLS;4959.0;1
257000;Remy;Vladimir;AMETHYSTS;SEASHELLS;10002.0;1
257100;Remy;Valentina;STARFRUIT;SEASHELLS;4959.0;1
257600;Vinnie;Remy;AMETHYSTS;SEASHELLS;9996.0;1
257600;Valentina;Remy;STARFRUIT;SEASHELLS;4954.0;1
258000;Valentina;Remy;AMETHYSTS;SEASHELLS;9998.0;1
258200;Valentina;Remy;AMETHYSTS;SEASHELLS;9995.0;2
258200;Valentina;Remy;STARFRUIT;SEASHELLS;4953.0;2
258400;Ruby;Valentina;AMETHYSTS;SEASHELLS;10005.0;5
258400;Adam;Remy;STARFRUIT;SEASHELLS;4952.0;1
259300;Valentina;Remy;STARFRUIT;SEASHELLS;4953.0;1
259300;Vladimir;Remy;AMETHYSTS;SEASHELLS;9998.0;1
259500;Remy;Valentina;STARFRUIT;SEASHELLS;4957.0;1
259800;Vinnie;Adam;STARFRUIT;SEASHELLS;4951.0;2
260000;Remy;Vladimir;AMETHYSTS;SEASHELLS;10002.0;1
260200;Valentina;Remy;AMETHYSTS;SEASHELLS;9995.0;1
260200;Valentina;Remy;STARFRUIT;SEASHELLS;4951.0;1
260300;Remy;Valentina;AMETHYSTS;SEASHELLS;10002.0;1
260300;Valentina;Remy;STARFRUIT;SEASHELLS;4951.0;1
260600;Valentina;Remy;STARFRUIT;SEASHELLS;4951.0;1
260600;Ruby;Vinnie;AMETHYSTS;SEASHELLS;10004.0;1
261000;Remy;Vinnie;STARFRUIT;SEASHELLS;4956.0;1
261200;Remy;Vladimir;AMETHYSTS;SEASHELLS;10002.0;1
261300;Remy;Ruby;AMETHYSTS;SEASHELLS;10002.0;1
261500;Vladimir;Remy;STARFRUIT;SEASHELLS;4952.0;1
261500;Vladimir;Remy;AMETHYSTS;SEASHELLS;9998.0;1
261600;Remy;Valentina;AMETHYSTS;SEASHELLS;10002.0;1
261700;Ruby;Vladimir;STARFRUIT;SEASHELLS;4957.0;6
261800;Remy;Vladimir;STARFRUIT;SEASHELLS;4957.0;1
261900;Valentina;Remy;STARFRUIT;SEASHELLS;4952.0;1
262200;Remy;Valentina;AMETHYSTS;SEASHELLS;10005.0;2
262200;Remy;Valentina;STARFRUIT;SEASHELLS;4960.0;2
262400;Remy;Vladimir;AMETHYSTS;SEASHELLS;10002.0;1
262500;Valentina;Rhianna;AMETHYSTS;SEASHELLS;9998.0;2
262800;Adam;Valentina;STARFRUIT;SEASHELLS;4959.0;7
262800;Adam;Remy;STARFRUIT;SEASHELLS;4954.0;1
262900;Amelia;Valentina;STARFRUIT;SEASHELLS;4961.0;13
262900;Remy;Valentina;STARFRUIT;SEASHELLS;4959.0;1
263700;Valentina;Remy;STARFRUIT;SEASHELLS;4954.0;1
263800;Remy;Vladimir;AMETHYSTS;SEASHELLS;10002.0;1
264700;Valentina;Remy;AMETHYSTS;SEASHELLS;9998.0;1
264800;Remy;Vladimir;STARFRUIT;SEASHELLS;4958.0;1
265000;Valentina;Remy;AMETHYSTS;SEASHELLS;9998.0;1
265500;Valentina;Rhianna;STARFRUIT;SEASHELLS;4955.0;4
265700;Remy;Vladimir;STARFRUIT;SEASHELLS;4957.0;2
265700;Remy;Vinnie;AMETHYSTS;SEASHELLS;10004.0;2
265900;Vinnie;Remy;AMETHYSTS;SEASHELLS;10000.0;1
265900;Remy;Remy;STARFRUIT;SEASHELLS;4958.0;1
266000;Valentina;Remy;STARFRUIT;SEASHELLS;4953.0;1
266000;Vladimir;Rhianna;AMETHYSTS;SEASHELLS;9998.0;3
266300;Valentina;Remy;STARFRUIT;SEASHELLS;4953.0;1
266500;Remy;Valentina;STARFRUIT;SEASHELLS;4958.0;1
266700;Remy;Valentina;AMETHYSTS;SEASHELLS;10002.0;1
266800;Remy;Valentina;STARFRUIT;SEASHELLS;4960.0;1
266800;Remy;Vinnie;AMETHYSTS;SEASHELLS;10004.0;1
267000;Rhianna;Valentina;AMETHYSTS;SEASHELLS;10002.0;5
267000;Valentina;Ruby;STARFRUIT;SEASHELLS;4954.0;4
267000;Vladimir;Remy;STARFRUIT;SEASHELLS;4953.0;1
267000;Vladimir;Ruby;STARFRUIT;SEASHELLS;4954.0;4
267600;Remy;Valentina;AMETHYSTS;SEASHELLS;10002.0;1
268500;Valentina;Amelia;STARFRUIT;SEASHELLS;4955.0;9
268800;Ruby;Vinnie;AMETHYSTS;SEASHELLS;10004.0;2
268800;Amelia;Rhianna;STARFRUIT;SEASHELLS;4957.0;4
269000;Vinnie;Remy;AMETHYSTS;SEASHELLS;9996.0;1
269000;Valentina;Remy;AMETHYSTS;SEASHELLS;9996.0;1
269000;Valentina;Remy;STARFRUIT;SEASHELLS;4955.0;2
269200;Rhianna;Valentina;STARFRUIT;SEASHELLS;4959.0;2
269200;Remy;Valentina;STARFRUIT;SEASHELLS;4960.0;1
269200;Adam;Vladimir;AMETHYSTS;SEASHELLS;10002.0;8
269400;Valentina;Ruby;AMETHYSTS;SEASHELLS;9995.0;5
269700;Valentina;Remy;AMETHYSTS;SEASHELLS;9998.0;1
269800;Remy;Remy;STARFRUIT;SEASHELLS;4960.0;1
269800;Rhianna;Valentina;AMETHYSTS;SEASHELLS;10002.0;1
269800;Rhianna;Remy;AMETHYSTS;SEASHELLS;10002.0;2
269900;Remy;Valentina;STARFRUIT;SEASHELLS;4961.0;1
270100;Valentina;Remy;STARFRUIT;SEASHELLS;4956.0;1
270200;Vladimir;Remy;AMETHYSTS;SEASHELLS;9998.0;1
270300;Vinnie;Remy;STARFRUIT;SEASHELLS;4956.0;1
270400;Ruby;Valentina;AMETHYSTS;SEASHELLS;10005.0;5
270600;Remy;Vladimir;STARFRUIT;SEASHELLS;4961.0;1
270700;Valentina;Remy;STARFRUIT;SEASHELLS;4957.0;1
270900;Remy;Vinnie;AMETHYSTS;SEASHELLS;10004.0;2
270900;Remy;Valentina;STARFRUIT;SEASHELLS;4963.0;2
271600;Vladimir;Remy;AMETHYSTS;SEASHELLS;9998.0;1
271700;Adam;Vladimir;STARFRUIT;SEASHELLS;4961.0;4
271700;Adam;Remy;STARFRUIT;SEASHELLS;4956.0;1
271700;Adam;Valentina;STARFRUIT;SEASHELLS;4961.0;3
271800;Ruby;Vinnie;AMETHYSTS;SEASHELLS;10004.0;2
272100;Remy;Valentina;STARFRUIT;SEASHELLS;4962.0;1
272200;Vinnie;Remy;STARFRUIT;SEASHELLS;4957.0;1
272300;Rhianna;Valentina;AMETHYSTS;SEASHELLS;10002.0;2
272700;Valentina;Remy;AMETHYSTS;SEASHELLS;9998.0;1
272800;Ruby;Vinnie;AMETHYSTS;SEASHELLS;10004.0;1
272800;Remy;Vinnie;STARFRUIT;SEASHELLS;4964.0;1
272800;Remy;Valentina;AMETHYSTS;SEASHELLS;10005.0;2
273400;Vinnie;Amelia;AMETHYSTS;SEASHELLS;9996.0;2
273400;Valentina;Amelia;AMETHYSTS;SEASHELLS;9996.0;6
274200;Remy;Vladimir;STARFRUIT;SEASHELLS;4965.0;1
274800;Valentina;Adam;STARFRUIT;SEASHELLS;4960.0;9
275000;Remy;Valentina;STARFRUIT;SEASHELLS;4964.0;1
275600;Ruby;Remy;AMETHYSTS;SEASHELLS;9998.0;1
276500;Amelia;Remy;AMETHYSTS;SEASHELLS;9998.0;1
276800;Rhianna;Vladimir;STARFRUIT;SEASHELLS;4965.0;4
276900;Rhianna;Vladimir;STARFRUIT;SEASHELLS;4965.0;4
277000;Vinnie;Remy;AMETHYSTS;SEASHELLS;9996.0;2
277000;Valentina;Remy;STARFRUIT;SEASHELLS;4962.0;1
277000;Valentina;Remy;STARFRUIT;SEASHELLS;4961.0;2
277800;Valentina;Rhianna;STARFRUIT;SEASHELLS;4962.0;5
278000;Valentina;Vinnie;STARFRUIT;SEASHELLS;4963.0;4
278200;Vinnie;Remy;STARFRUIT;SEASHELLS;4961.0;1
278200;Valentina;Rhianna;AMETHYSTS;SEASHELLS;9998.0;3
278500;Vinnie;Amelia;AMETHYSTS;SEASHELLS;9996.0;1
279300;Valentina;Remy;STARFRUIT;SEASHELLS;4960.0;1
279400;Vinnie;Amelia;AMETHYSTS;SEASHELLS;9996.0;2
279400;Valentina;Remy;AMETHYSTS;SEASHELLS;9995.0;2
279400;Valentina;Remy;STARFRUIT;SEASHELLS;4960.0;2
279900;Valentina;Remy;STARFRUIT;SEASHELLS;4960.0;2
279900;Vinnie;Remy;AMETHYSTS;SEASHELLS;9996.0;1
280200;Vladimir;Rhianna;STARFRUIT;SEASHELLS;4960.0;2
280300;Vladimir;Remy;STARFRUIT;SEASHELLS;4960.0;1
280400;Remy;Vinnie;AMETHYSTS;SEASHELLS;10004.0;2
280400;Vladimir;Rhianna;STARFRUIT;SEASHELLS;4961.0;3
280400;Remy;Valentina;STARFRUIT;SEASHELLS;4966.0;2
280900;Vinnie;Ruby;AMETHYSTS;SEASHELLS;10000.0;2
281100;Rhianna;Valentina;AMETHYSTS;SEASHELLS;10002.0;5
282200;Vladimir;Remy;STARFRUIT;SEASHELLS;4961.0;1
282400;Rhianna;Vladimir;AMETHYSTS;SEASHELLS;10002.0;1
282500;Valentina;Ruby;AMETHYSTS;SEASHELLS;9995.0;2
282600;Ruby;Valentina;STARFRUIT;SEASHELLS;4968.0;13
283100;Valentina;Ruby;STARFRUIT;SEASHELLS;4961.0;6
283300;Remy;Valentina;STARFRUIT;SEASHELLS;4968.0;2
283300;Remy;Valentina;AMETHYSTS;SEASHELLS;10004.0;1
283300;Remy;Vinnie;AMETHYSTS;SEASHELLS;10004.0;1
283600;Remy;Valentina;AMETHYSTS;SEASHELLS;10002.0;1
283700;Valentina;Remy;AMETHYSTS;SEASHELLS;9998.0;1
284300;Vladimir;Remy;AMETHYSTS;SEASHELLS;9998.0;1
284500;Vinnie;Remy;STARFRUIT;SEASHELLS;4961.0;2
284500;Vinnie;Remy;AMETHYSTS;SEASHELLS;9996.0;2
284700;Vladimir;Remy;STARFRUIT;SEASHELLS;4960.0;1
285100;Vinnie;Remy;AMETHYSTS;SEASHELLS;9996.0;1
285100;Vinnie;Remy;STARFRUIT;SEASHELLS;4961.0;1
285200;Ruby;Valentina;STARFRUIT;SEASHELLS;4967.0;5
285700;Vinnie;Amelia;AMETHYSTS;SEASHELLS;9996.0;2
285700;Vinnie;Adam;STARFRUIT;SEASHELLS;4961.0;2
286000;Valentina;Vinnie;STARFRUIT;SEASHELLS;4963.0;4
286000;Remy;Vinnie;STARFRUIT;SEASHELLS;4963.0;2
286000;Remy;Remy;AMETHYSTS;SEASHELLS;9998.0;1
286500;Amelia;Valentina;STARFRUIT;SEASHELLS;4965.0;10
286900;Vladimir;Rhianna;STARFRUIT;SEASHELLS;4959.0;2
287000;Remy;Vladimir;STARFRUIT;SEASHELLS;4963.0;1
288100;Valentina;Remy;STARFRUIT;SEASHELLS;4958.0;1
288100;Rhianna;Valentina;AMETHYSTS;SEASHELLS;10002.0;4
288100;Rhianna;Remy;AMETHYSTS;SEASHELLS;10002.0;1
288600;Vinnie;Remy;STARFRUIT;SEASHELLS;4957.0;1
288600;Valentina;Rhianna;STARFRUIT;SEASHELLS;4958.0;4
288900;Remy;Vladimir;STARFRUIT;SEASHELLS;4960.0;1
288900;Remy;Vladimir;STARFRUIT;SEASHELLS;4961.0;1
288900;Remy;Vinnie;AMETHYSTS;SEASHELLS;10004.0;1
289400;Remy;Valentina;STARFRUIT;SEASHELLS;4961.0;1
289800;Amelia;Vinnie;AMETHYSTS;SEASHELLS;10004.0;2
289900;Rhianna;Valentina;STARFRUIT;SEASHELLS;4961.0;3
290200;Valentina;Remy;STARFRUIT;SEASHELLS;4957.0;1
290300;Remy;Remy;AMETHYSTS;SEASHELLS;9998.0;1
290300;Remy;Valentina;STARFRUIT;SEASHELLS;4963.0;1
291400;Valentina;Ruby;AMETHYSTS;SEASHELLS;9995.0;4
291400;Valentina;Remy;STARFRUIT;SEASHELLS;4960.0;1
291500;Valentina;Remy;AMETHYSTS;SEASHELLS;9998.0;1
291700;Valentina;Remy;STARFRUIT;SEASHELLS;4959.0;1
291700;Valentina;Remy;AMETHYSTS;SEASHELLS;9998.0;1
292200;Remy;Valentina;AMETHYSTS;SEASHELLS;10002.0;1
292300;Vinnie;Remy;AMETHYSTS;SEASHELLS;9996.0;2
292300;Valentina;Remy;STARFRUIT;SEASHELLS;4957.0;2
292400;Valentina;Rhianna;STARFRUIT;SEASHELLS;4959.0;3
292400;Remy;Valentina;AMETHYSTS;SEASHELLS;10002.0;1
292500;Rhianna;Valentina;AMETHYSTS;SEASHELLS;10002.0;3
292500;Rhianna;Vladimir;AMETHYSTS;SEASHELLS;10002.0;2
292800;Remy;Remy;AMETHYSTS;SEASHELLS;10002.0;1
292800;Vinnie;Remy;STARFRUIT;SEASHELLS;4958.0;1
293000;Vinnie;Remy;STARFRUIT;SEASHELLS;4958.0;1
293100;Vinnie;Remy;STARFRUIT;SEASHELLS;4958.0;1
293400;Vladimir;Remy;STARFRUIT;SEASHELLS;4958.0;1
293500;Adam;Vinnie;STARFRUIT;SEASHELLS;4963.0;2
293500;Adam;Vladimir;STARFRUIT;SEASHELLS;4963.0;5
293700;Remy;Valentina;AMETHYSTS;SEASHELLS;10002.0;1
293800;Rhianna;Valentina;STARFRUIT;SEASHELLS;4961.0;5
294200;Valentina;Vinnie;STARFRUIT;SEASHELLS;4959.0;5
294600;Valentina;Adam;STARFRUIT;SEASHELLS;4956.0;9
294700;Valentina;Amelia;STARFRUIT;SEASHELLS;4955.0;12
294900;Valentina;Remy;STARFRUIT;SEASHELLS;4955.0;1
294900;Valentina;Remy;AMETHYSTS;SEASHELLS;9995.0;1
295300;Valentina;Remy;STARFRUIT;SEASHELLS;4956.0;1
295700;Remy;Valentina;STARFRUIT;SEASHELLS;4963.0;2
295700;Remy;Vinnie;AMETHYSTS;SEASHELLS;10004.0;1
295800;Remy;Remy;AMETHYSTS;SEASHELLS;10002.0;1
295800;Valentina;Remy;STARFRUIT;SEASHELLS;4956.0;1
296200;Remy;Vladimir;AMETHYSTS;SEASHELLS;10002.0;1
296300;Remy;Valentina;STARFRUIT;SEASHELLS;4963.0;1
296400;Vladimir;Rhianna;AMETHYSTS;SEASHELLS;9998.0;5
296500;Valentina;Ruby;STARFRUIT;SEASHELLS;4958.0;10
297100;Remy;Vladimir;STARFRUIT;SEASHELLS;4964.0;1
297300;Ruby;Vinnie;AMETHYSTS;SEASHELLS;10004.0;2
297400;Remy;Vinnie;STARFRUIT;SEASHELLS;4968.0;1
297400;Valentina;Remy;STARFRUIT;SEASHELLS;4962.0;1
297400;Remy;Rhianna;AMETHYSTS;SEASHELLS;9998.0;2
297500;Valentina;Amelia;STARFRUIT;SEASHELLS;4961.0;11
297700;Remy;Vladimir;AMETHYSTS;SEASHELLS;10002.0;1
297800;Rhianna;Valentina;AMETHYSTS;SEASHELLS;10002.0;3
298100;Vinnie;Remy;STARFRUIT;SEASHELLS;4961.0;1
298100;Vladimir;Remy;AMETHYSTS;SEASHELLS;9998.0;2
298600;Valentina;Remy;STARFRUIT;SEASHELLS;4963.0;1
298800;Remy;Vladimir;STARFRUIT;SEASHELLS;4968.0;1
298900;Remy;Rhianna;STARFRUIT;SEASHELLS;4965.0;1
298900;Valentina;Rhianna;STARFRUIT;SEASHELLS;4965.0;1
299400;Valentina;Amelia;STARFRUIT;SEASHELLS;4961.0;11
299500;Valentina;Ruby;AMETHYSTS;SEASHELLS;9995.0;5
299600;Remy;Vladimir;STARFRUIT;SEASHELLS;4966.0;1
299700;Valentina;Vinnie;STARFRUIT;SEASHELLS;4964.0;2
299700;Remy;Vinnie;STARFRUIT;SEASHELLS;4966.0;1
300500;Valentina;Vinnie;STARFRUIT;SEASHELLS;4963.0;3
300800;Remy;Valentina;STARFRUIT;SEASHELLS;4967.0;1
300800;Remy;Valentina;AMETHYSTS;SEASHELLS;10005.0;1
301400;Remy;Vladimir;STARFRUIT;SEASHELLS;4965.0;2
301400;Remy;Valentina;AMETHYSTS;SEASHELLS;10005.0;2
301500;Remy;Valentina;AMETHYSTS;SEASHELLS;10002.0;1
301700;Valentina;Remy;STARFRUIT;SEASHELLS;4960.0;1
301800;Valentina;Rhianna;STARFRUIT;SEASHELLS;4961.0;3
301800;Valentina;Ruby;STARFRUIT;SEASHELLS;4960.0;11
302100;Remy;Vinnie;AMETHYSTS;SEASHELLS;10004.0;1
302100;Rhianna;Valentina;STARFRUIT;SEASHELLS;4964.0;2
302100;Remy;Valentina;STARFRUIT;SEASHELLS;4966.0;1
302100;Remy;Valentina;STARFRUIT;SEASHELLS;4965.0;1
302400;Vladimir;Rhianna;AMETHYSTS;SEASHELLS;9998.0;1
302400;Valentina;Rhianna;AMETHYSTS;SEASHELLS;9998.0;4
302500;Valentina;Remy;AMETHYSTS;SEASHELLS;9998.0;1
302500;Valentina;Rhianna;STARFRUIT;SEASHELLS;4960.0;5
302600;Valentina;Ruby;STARFRUIT;SEASHELLS;4959.0;7
302900;Vinnie;Remy;STARFRUIT;SEASHELLS;4960.0;1
303100;Remy;Remy;STARFRUIT;SEASHELLS;4960.0;1
303100;Remy;Valentina;AMETHYSTS;SEASHELLS;10005.0;2
303600;Valentina;Remy;STARFRUIT;SEASHELLS;4961.0;1
303600;Vladimir;Rhianna;AMETHYSTS;SEASHELLS;9998.0;5
303700;Valentina;Rhianna;STARFRUIT;SEASHELLS;4962.0;4
303700;Remy;Valentina;AMETHYSTS;SEASHELLS;10002.0;1
303900;Valentina;Adam;STARFRUIT;SEASHELLS;4962.0;3
303900;Vladimir;Adam;STARFRUIT;SEASHELLS;4962.0;2
303900;Vinnie;Adam;STARFRUIT;SEASHELLS;4962.0;2
304200;Valentina;Amelia;STARFRUIT;SEASHELLS;4961.0;8
304200;Valentina;Rhianna;STARFRUIT;SEASHELLS;4962.0;4
304800;Vladimir;Amelia;STARFRUIT;SEASHELLS;4960.0;5
305100;Vladimir;Remy;AMETHYSTS;SEASHELLS;9998.0;1
305700;Valentina;Vinnie;STARFRUIT;SEASHELLS;4961.0;5
305900;Rhianna;Vladimir;AMETHYSTS;SEASHELLS;10002.0;3
306200;Valentina;Ruby;STARFRUIT;SEASHELLS;4960.0;12
306300;Valentina;Remy;AMETHYSTS;SEASHELLS;9998.0;1
306700;Valentina;Rhianna;AMETHYSTS;SEASHELLS;9998.0;2
307400;Valentina;Remy;AMETHYSTS;SEASHELLS;9998.0;1
307500;Vladimir;Remy;STARFRUIT;SEASHELLS;4960.0;1
307900;Remy;Vinnie;AMETHYSTS;SEASHELLS;10004.0;1
307900;Remy;Vinnie;STARFRUIT;SEASHELLS;4966.0;1
308000;Remy;Valentina;AMETHYSTS;SEASHELLS;10002.0;1
308200;Vinnie;Remy;AMETHYSTS;SEASHELLS;9996.0;1
308200;Vladimir;Remy;STARFRUIT;SEASHELLS;4960.0;1
308300;Valentina;Remy;STARFRUIT;SEASHELLS;4960.0;1
308300;Remy;Valentina;AMETHYSTS;SEASHELLS;10002.0;1
308400;Vladimir;Rhianna;STARFRUIT;SEASHELLS;4960.0;2
308500;Valentina;Remy;STARFRUIT;SEASHELLS;4959.0;1
308600;Vinnie;Remy;STARFRUIT;SEASHELLS;4959.0;1
309600;Vladimir;Remy;AMETHYSTS;SEASHELLS;9998.0;2
309600;Valentina;Remy;STARFRUIT;SEASHELLS;4959.0;2
309800;Valentina;Remy;AMETHYSTS;SEASHELLS;9998.0;1
310300;Valentina;Vinnie;STARFRUIT;SEASHELLS;4961.0;2
310500;Ruby;Vinnie;STARFRUIT;SEASHELLS;4964.0;1
310600;Remy;Vladimir;AMETHYSTS;SEASHELLS;10002.0;1
310800;Remy;Valentina;STARFRUIT;SEASHELLS;4963.0;1
310900;Ruby;Vinnie;AMETHYSTS;SEASHELLS;10004.0;2
311500;Valentina;Amelia;STARFRUIT;SEASHELLS;4957.0;11
311700;Vladimir;Remy;STARFRUIT;SEASHELLS;4958.0;2
311700;Vinnie;Remy;AMETHYSTS;SEASHELLS;9996.0;2
312300;Vinnie;Remy;AMETHYSTS;SEASHELLS;9996.0;2
312300;Valentina;Remy;STARFRUIT;SEASHELLS;4957.0;2
312600;Amelia;Vinnie;AMETHYSTS;SEASHELLS;10004.0;2
312600;Amelia;Valentina;AMETHYSTS;SEASHELLS;10004.0;8
313100;Valentina;Remy;STARFRUIT;SEASHELLS;4957.0;1
313100;Valentina;Ruby;AMETHYSTS;SEASHELLS;9996.0;1
313100;Vinnie;Ruby;AMETHYSTS;SEASHELLS;9996.0;2
313200;Valentina;Remy;STARFRUIT;SEASHELLS;4957.0;1
313600;Ruby;Valentina;AMETHYSTS;SEASHELLS;10005.0;5
313700;Valentina;Rhianna;AMETHYSTS;SEASHELLS;9998.0;2
313700;Vladimir;Rhianna;AMETHYSTS;SEASHELLS;9998.0;2
314000;Rhianna;Vladimir;AMETHYSTS;SEASHELLS;10002.0;1
314100;Remy;Vladimir;AMETHYSTS;SEASHELLS;10002.0;1
314200;Amelia;Valentina;STARFRUIT;SEASHELLS;4961.0;11
314200;Rhianna;Valentina;STARFRUIT;SEASHELLS;4958.0;2
314700;Valentina;Remy;STARFRUIT;SEASHELLS;4955.0;2
314700;Remy;Remy;AMETHYSTS;SEASHELLS;10002.0;1
315300;Rhianna;Vladimir;AMETHYSTS;SEASHELLS;10002.0;5
315500;Amelia;Valentina;STARFRUIT;SEASHELLS;4962.0;12
315500;Amelia;Vladimir;STARFRUIT;SEASHELLS;4962.0;2
315500;Vladimir;Amelia;AMETHYSTS;SEASHELLS;9998.0;2
315800;Remy;Valentina;STARFRUIT;SEASHELLS;4964.0;1
315800;Remy;Vladimir;AMETHYSTS;SEASHELLS;10002.0;1
316200;Remy;Vinnie;AMETHYSTS;SEASHELLS;10004.0;2
316200;Remy;Vinnie;STARFRUIT;SEASHELLS;4964.0;2
316600;Remy;Valentina;STARFRUIT;SEASHELLS;4966.0;1
316600;Remy;Valentina;AMETHYSTS;SEASHELLS;10005.0;1
316800;Vladimir;Remy;STARFRUIT;SEASHELLS;4960.0;1
316900;Remy;Valentina;STARFRUIT;SEASHELLS;4965.0;1
317400;Valentina;Remy;STARFRUIT;SEASHELLS;4960.0;1
317700;Rhianna;Vladimir;AMETHYSTS;SEASHELLS;10002.0;1
317800;Valentina;Rhianna;AMETHYSTS;SEASHELLS;9998.0;3
317900;Remy;Vladimir;STARFRUIT;SEASHELLS;4964.0;1
318000;Valentina;Rhianna;AMETHYSTS;SEASHELLS;9998.0;1
318600;Rhianna;Adam;AMETHYSTS;SEASHELLS;10002.0;2
318700;Remy;Valentina;STARFRUIT;SEASHELLS;4966.0;1
318800;Adam;Rhianna;STARFRUIT;SEASHELLS;4962.0;3
319000;Valentina;Remy;AMETHYSTS;SEASHELLS;9998.0;1
319500;Valentina;Remy;STARFRUIT;SEASHELLS;4961.0;1
319600;Valentina;Vinnie;STARFRUIT;SEASHELLS;4964.0;5
319800;Remy;Vinnie;AMETHYSTS;SEASHELLS;10002.0;1
320100;Valentina;Remy;AMETHYSTS;SEASHELLS;9998.0;1
320300;Remy;Vinnie;AMETHYSTS;SEASHELLS;10004.0;1
320300;Remy;Valentina;STARFRUIT;SEASHELLS;4969.0;1
320500;Vinnie;Remy;STARFRUIT;SEASHELLS;4963.0;1
320900;Ruby;Valentina;AMETHYSTS;SEASHELLS;10005.0;3
321100;Valentina;Vinnie;STARFRUIT;SEASHELLS;4965.0;4
321300;Remy;Valentina;STARFRUIT;SEASHELLS;4968.0;2
321300;Remy;Vinnie;AMETHYSTS;SEASHELLS;10004.0;2
321600;Vladimir;Remy;STARFRUIT;SEASHELLS;4961.0;1
321800;Valentina;Remy;STARFRUIT;SEASHELLS;4960.0;1
321900;Vinnie;Remy;AMETHYSTS;SEASHELLS;9996.0;1
321900;Vinnie;Remy;STARFRUIT;SEASHELLS;4960.0;1
322000;Valentina;Remy;STARFRUIT;SEASHELLS;4960.0;1
322100;Valentina;Remy;STARFRUIT;SEASHELLS;4960.0;1
322900;Valentina;Remy;STARFRUIT;SEASHELLS;4960.0;1
323200;Amelia;Valentina;STARFRUIT;SEASHELLS;4966.0;15
323900;Valentina;Vinnie;STARFRUIT;SEASHELLS;4963.0;4
324100;Vladimir;Remy;AMETHYSTS;SEASHELLS;9998.0;2
324100;Valentina;Remy;STARFRUIT;SEASHELLS;4960.0;2
324200;Rhianna;Valentina;STARFRUIT;SEASHELLS;4965.0;5
324200;Valentina;Remy;AMETHYSTS;SEASHELLS;9998.0;1
324300;Remy;Valentina;STARFRUIT;SEASHELLS;4966.0;1
324600;Valentina;Ruby;AMETHYSTS;SEASHELLS;9995.0;6
325000;Ruby;Valentina;AMETHYSTS;SEASHELLS;10005.0;5
325100;Valentina;Remy;STARFRUIT;SEASHELLS;4961.0;1
325100;Vinnie;Remy;AMETHYSTS;SEASHELLS;9996.0;1
325500;Remy;Vladimir;STARFRUIT;SEASHELLS;4967.0;1
326000;Vinnie;Amelia;AMETHYSTS;SEASHELLS;9996.0;2
326200;Valentina;Remy;STARFRUIT;SEASHELLS;4963.0;1
326300;Vinnie;Remy;STARFRUIT;SEASHELLS;4964.0;1
326400;Remy;Valentina;STARFRUIT;SEASHELLS;4969.0;1
326600;Remy;Valentina;STARFRUIT;SEASHELLS;4969.0;1
326700;Remy;Vladimir;STARFRUIT;SEASHELLS;4969.0;1
326900;Remy;Vladimir;AMETHYSTS;SEASHELLS;10002.0;1
326900;Valentina;Remy;STARFRUIT;SEASHELLS;4964.0;1
327000;Valentina;Amelia;STARFRUIT;SEASHELLS;4963.0;15
327100;Rhianna;Valentina;AMETHYSTS;SEASHELLS;10002.0;2
327700;Vinnie;Remy;STARFRUIT;SEASHELLS;4966.0;1
327800;Valentina;Remy;STARFRUIT;SEASHELLS;4966.0;1
327800;Vinnie;Remy;AMETHYSTS;SEASHELLS;9996.0;1
328000;Adam;Valentina;STARFRUIT;SEASHELLS;4971.0;7
328400;Valentina;Rhianna;STARFRUIT;SEASHELLS;4968.0;2
328400;Valentina;Remy;STARFRUIT;SEASHELLS;4967.0;1
328600;Remy;Valentina;STARFRUIT;SEASHELLS;4972.0;1
328900;Valentina;Remy;STARFRUIT;SEASHELLS;4967.0;1
329000;Remy;Vladimir;STARFRUIT;SEASHELLS;4972.0;1
329100;Amelia;Valentina;AMETHYSTS;SEASHELLS;10005.0;10
329300;Vladimir;Remy;AMETHYSTS;SEASHELLS;9998.0;1
329700;Valentina;Remy;AMETHYSTS;SEASHELLS;9998.0;1
329800;Ruby;Vinnie;AMETHYSTS;SEASHELLS;10004.0;1
329800;Ruby;Valentina;AMETHYSTS;SEASHELLS;10004.0;3
330400;Vladimir;Remy;STARFRUIT;SEASHELLS;4968.0;1
330600;Valentina;Ruby;AMETHYSTS;SEASHELLS;9998.0;3
330600;Vladimir;Ruby;AMETHYSTS;SEASHELLS;9998.0;2
331100;Remy;Valentina;AMETHYSTS;SEASHELLS;10002.0;1
331200;Remy;Valentina;AMETHYSTS;SEASHELLS;10002.0;1
331300;Valentina;Remy;STARFRUIT;SEASHELLS;4969.0;1
331400;Valentina;Remy;AMETHYSTS;SEASHELLS;9998.0;1
331600;Rhianna;Valentina;STARFRUIT;SEASHELLS;4973.0;4
331700;Valentina;Remy;AMETHYSTS;SEASHELLS;9998.0;1
331800;Vinnie;Remy;AMETHYSTS;SEASHELLS;9998.0;1
331800;Vinnie;Remy;AMETHYSTS;SEASHELLS;10000.0;1
331800;Vinnie;Remy;STARFRUIT;SEASHELLS;4972.0;1
332200;Vladimir;Ruby;STARFRUIT;SEASHELLS;4969.0;8
332200;Valentina;Ruby;STARFRUIT;SEASHELLS;4969.0;2
332500;Remy;Valentina;AMETHYSTS;SEASHELLS;10002.0;1
333100;Remy;Vinnie;AMETHYSTS;SEASHELLS;10004.0;2
333100;Remy;Valentina;STARFRUIT;SEASHELLS;4976.0;2
333300;Valentina;Remy;STARFRUIT;SEASHELLS;4970.0;1
333500;Valentina;Amelia;AMETHYSTS;SEASHELLS;9995.0;9
333600;Ruby;Vinnie;STARFRUIT;SEASHELLS;4972.0;2
333900;Rhianna;Valentina;AMETHYSTS;SEASHELLS;10002.0;2
334100;Valentina;Remy;STARFRUIT;SEASHELLS;4971.0;1
334300;Vladimir;Remy;STARFRUIT;SEASHELLS;4970.0;1
334500;Valentina;Remy;STARFRUIT;SEASHELLS;4971.0;1
335000;Remy;Valentina;STARFRUIT;SEASHELLS;4976.0;1
335300;Valentina;Remy;AMETHYSTS;SEASHELLS;9998.0;1
335400;Remy;Vladimir;AMETHYSTS;SEASHELLS;10002.0;1
335500;Valentina;Ruby;STARFRUIT;SEASHELLS;4970.0;12
335600;Valentina;Vinnie;STARFRUIT;SEASHELLS;4974.0;6
335800;Valentina;Remy;AMETHYSTS;SEASHELLS;9998.0;1
336000;Valentina;Ruby;AMETHYSTS;SEASHELLS;9995.0;8
336200;Remy;Valentina;STARFRUIT;SEASHELLS;4979.0;1
336200;Remy;Rhianna;AMETHYSTS;SEASHELLS;9998.0;1
336400;Remy;Valentina;STARFRUIT;SEASHELLS;4977.0;1
336500;Vladimir;Rhianna;AMETHYSTS;SEASHELLS;9998.0;3
336600;Valentina;Remy;STARFRUIT;SEASHELLS;4972.0;2
336600;Vinnie;Remy;AMETHYSTS;SEASHELLS;9996.0;2
336700;Valentina;Remy;STARFRUIT;SEASHELLS;4972.0;1
336800;Vinnie;Ruby;AMETHYSTS;SEASHELLS;9996.0;1
336800;Valentina;Ruby;AMETHYSTS;SEASHELLS;9996.0;2
336800;Valentina;Remy;AMETHYSTS;SEASHELLS;9998.0;1
336900;Vladimir;Remy;STARFRUIT;SEASHELLS;4972.0;1
337100;Valentina;Remy;AMETHYSTS;SEASHELLS;9998.0;1
337200;Vladimir;Remy;AMETHYSTS;SEASHELLS;9998.0;2
337200;Rhianna;Remy;STARFRUIT;SEASHELLS;4975.0;2
337200;Vladimir;Ruby;AMETHYSTS;SEASHELLS;9998.0;2
337500;Rhianna;Valentina;AMETHYSTS;SEASHELLS;10002.0;5
337600;Vinnie;Remy;AMETHYSTS;SEASHELLS;9996.0;1
337600;Valentina;Remy;STARFRUIT;SEASHELLS;4971.0;1
337800;Valentina;Adam;STARFRUIT;SEASHELLS;4972.0;7
337900;Valentina;Remy;STARFRUIT;SEASHELLS;4972.0;1
338200;Valentina;Vinnie;STARFRUIT;SEASHELLS;4972.0;3
338300;Remy;Vinnie;AMETHYSTS;SEASHELLS;10004.0;1
338300;Vinnie;Remy;STARFRUIT;SEASHELLS;4969.0;1
338300;Remy;Vladimir;STARFRUIT;SEASHELLS;4973.0;1
338600;Remy;Vladimir;STARFRUIT;SEASHELLS;4973.0;1
339000;Valentina;Remy;AMETHYSTS;SEASHELLS;9998.0;1
339600;Remy;Valentina;STARFRUIT;SEASHELLS;4974.0;1
339900;Vladimir;Remy;AMETHYSTS;SEASHELLS;9998.0;1
340100;Remy;Valentina;STARFRUIT;SEASHELLS;4974.0;1
340500;Remy;Valentina;STARFRUIT;SEASHELLS;4974.0;1
340700;Valentina;Amelia;AMETHYSTS;SEASHELLS;9996.0;2
340700;Vinnie;Amelia;AMETHYSTS;SEASHELLS;9996.0;2
340700;Ruby;Amelia;AMETHYSTS;SEASHELLS;9996.0;8
340900;Valentina;Amelia;STARFRUIT;SEASHELLS;4970.0;11
341000;Amelia;Vinnie;AMETHYSTS;SEASHELLS;10004.0;2
341200;Valentina;Rhianna;STARFRUIT;SEASHELLS;4971.0;3
341200;Valentina;Ruby;AMETHYSTS;SEASHELLS;9996.0;1
341200;Vinnie;Ruby;AMETHYSTS;SEASHELLS;9996.0;1
341300;Remy;Valentina;STARFRUIT;SEASHELLS;4975.0;1
341300;Rhianna;Valentina;AMETHYSTS;SEASHELLS;10002.0;1
341400;Vladimir;Remy;AMETHYSTS;SEASHELLS;9998.0;1
341400;Valentina;Remy;STARFRUIT;SEASHELLS;4970.0;1
341500;Remy;Vladimir;STARFRUIT;SEASHELLS;4976.0;1
341900;Valentina;Remy;AMETHYSTS;SEASHELLS;9998.0;1
342100;Valentina;Remy;STARFRUIT;SEASHELLS;4971.0;1
342300;Valentina;Remy;STARFRUIT;SEASHELLS;4971.0;1
342600;Ruby;Adam;STARFRUIT;SEASHELLS;4971.0;7
342900;Remy;Valentina;STARFRUIT;SEASHELLS;4977.0;2
342900;Remy;Valentina;AMETHYSTS;SEASHELLS;10005.0;2
343700;Remy;Valentina;AMETHYSTS;SEASHELLS;10002.0;1
343700;Valentina;Remy;STARFRUIT;SEASHELLS;4973.0;1
344100;Remy;Amelia;AMETHYSTS;SEASHELLS;10002.0;1
344200;Vinnie;Ruby;AMETHYSTS;SEASHELLS;9996.0;2
344300;Remy;Valentina;AMETHYSTS;SEASHELLS;10002.0;1
344800;Remy;Valentina;STARFRUIT;SEASHELLS;4978.0;1
345100;Valentina;Remy;STARFRUIT;SEASHELLS;4974.0;1
345400;Vinnie;Remy;AMETHYSTS;SEASHELLS;9998.0;1
345500;Valentina;Remy;AMETHYSTS;SEASHELLS;9998.0;1
345500;Valentina;Rhianna;STARFRUIT;SEASHELLS;4974.0;2
345800;Valentina;Ruby;AMETHYSTS;SEASHELLS;9996.0;5
345800;Vinnie;Ruby;AMETHYSTS;SEASHELLS;9996.0;1
345900;Vladimir;Remy;STARFRUIT;SEASHELLS;4974.0;1
346200;Valentina;Ruby;AMETHYSTS;SEASHELLS;9996.0;6
346200;Vinnie;Ruby;AMETHYSTS;SEASHELLS;9996.0;1
346400;Remy;Vladimir;AMETHYSTS;SEASHELLS;10002.0;1
346600;Amelia;Vinnie;AMETHYSTS;SEASHELLS;10004.0;1
347100;Valentina;Remy;AMETHYSTS;SEASHELLS;9998.0;1
347500;Remy;Vladimir;AMETHYSTS;SEASHELLS;10002.0;2
347500;Remy;Vinnie;STARFRUIT;SEASHELLS;4979.0;1
347800;Vinnie;Remy;STARFRUIT;SEASHELLS;4973.0;1
347800;Amelia;Valentina;STARFRUIT;SEASHELLS;4979.0;8
348600;Remy;Vladimir;STARFRUIT;SEASHELLS;4979.0;1
348700;Valentina;Vinnie;STARFRUIT;SEASHELLS;4977.0;3
348800;Valentina;Remy;STARFRUIT;SEASHELLS;4975.0;1
349200;Valentina;Remy;STARFRUIT;SEASHELLS;4974.0;1
349400;Remy;Valentina;STARFRUIT;SEASHELLS;4980.0;1
349400;Ruby;Valentina;AMETHYSTS;SEASHELLS;10004.0;6
349400;Ruby;Vinnie;AMETHYSTS;SEASHELLS;10004.0;1
349500;Remy;Valentina;STARFRUIT;SEASHELLS;4980.0;1
349600;Vinnie;Remy;AMETHYSTS;SEASHELLS;9996.0;1
349600;Valentina;Remy;STARFRUIT;SEASHELLS;4975.0;1
350400;Valentina;Remy;STARFRUIT;SEASHELLS;4976.0;1
350400;Ruby;Valentina;AMETHYSTS;SEASHELLS;10002.0;3
350400;Ruby;Vladimir;AMETHYSTS;SEASHELLS;10002.0;3
350600;Amelia;Valentina;STARFRUIT;SEASHELLS;4981.0;9
350700;Valentina;Rhianna;AMETHYSTS;SEASHELLS;9998.0;5
350800;Vinnie;Remy;AMETHYSTS;SEASHELLS;9996.0;2
350800;Vinnie;Remy;STARFRUIT;SEASHELLS;4975.0;1
350800;Valentina;Remy;STARFRUIT;SEASHELLS;4975.0;1
350900;Remy;Valentina;AMETHYSTS;SEASHELLS;10002.0;1
351000;Remy;Valentina;STARFRUIT;SEASHELLS;4980.0;1
351000;Vladimir;Remy;AMETHYSTS;SEASHELLS;9998.0;1
351400;Remy;Valentina;AMETHYSTS;SEASHELLS;10005.0;2
351400;Remy;Valentina;STARFRUIT;SEASHELLS;4983.0;2
351500;Valentina;Remy;STARFRUIT;SEASHELLS;4976.0;1
351800;Ruby;Valentina;AMETHYSTS;SEASHELLS;10004.0;4
351800;Rhianna;Valentina;AMETHYSTS;SEASHELLS;10002.0;2
351800;Ruby;Vinnie;AMETHYSTS;SEASHELLS;10004.0;2
352200;Remy;Valentina;AMETHYSTS;SEASHELLS;10002.0;1
352800;Valentina;Remy;STARFRUIT;SEASHELLS;4977.0;1
352800;Valentina;Vinnie;STARFRUIT;SEASHELLS;4980.0;4
352900;Remy;Valentina;STARFRUIT;SEASHELLS;4982.0;1
353100;Vinnie;Remy;AMETHYSTS;SEASHELLS;9996.0;1
353100;Valentina;Remy;STARFRUIT;SEASHELLS;4977.0;1
353200;Rhianna;Valentina;AMETHYSTS;SEASHELLS;10002.0;0
353200;Adam;Valentina;AMETHYSTS;SEASHELLS;10002.0;1
353200;Rhianna;Vladimir;AMETHYSTS;SEASHELLS;10002.0;1
353200;Adam;Vladimir;AMETHYSTS;SEASHELLS;10002.0;6
353500;Ruby;Valentina;STARFRUIT;SEASHELLS;4982.0;13
353600;Valentina;Adam;STARFRUIT;SEASHELLS;4977.0;9
353600;Valentina;Remy;STARFRUIT;SEASHELLS;4976.0;2
353600;Valentina;Remy;AMETHYSTS;SEASHELLS;9995.0;2
354200;Remy;Vinnie;AMETHYSTS;SEASHELLS;10000.0;1
354200;Remy;Vinnie;STARFRUIT;SEASHELLS;4979.0;1
354300;Remy;Adam;STARFRUIT;SEASHELLS;4981.0;1
354300;Rhianna;Vladimir;AMETHYSTS;SEASHELLS;10002.0;3
354600;Rhianna;Valentina;STARFRUIT;SEASHELLS;4980.0;2
354600;Rhianna;Vladimir;STARFRUIT;SEASHELLS;4980.0;3
354700;Remy;Valentina;STARFRUIT;SEASHELLS;4981.0;1
355100;Vinnie;Remy;AMETHYSTS;SEASHELLS;9996.0;1
355100;Valentina;Remy;STARFRUIT;SEASHELLS;4974.0;2
355300;Remy;Vladimir;STARFRUIT;SEASHELLS;4979.0;1
355500;Valentina;Remy;AMETHYSTS;SEASHELLS;9998.0;1
356100;Valentina;Remy;STARFRUIT;SEASHELLS;4975.0;1
356600;Amelia;Valentina;AMETHYSTS;SEASHELLS;10004.0;11
356600;Amelia;Vinnie;AMETHYSTS;SEASHELLS;10004.0;1
356600;Valentina;Rhianna;STARFRUIT;SEASHELLS;4977.0;2
356600;Remy;Valentina;AMETHYSTS;SEASHELLS;10002.0;1
356800;Ruby;Valentina;STARFRUIT;SEASHELLS;4982.0;8
357200;Adam;Remy;STARFRUIT;SEASHELLS;4975.0;1
357200;Adam;Valentina;STARFRUIT;SEASHELLS;4979.0;6
357500;Valentina;Ruby;AMETHYSTS;SEASHELLS;9995.0;5
357700;Amelia;Vinnie;STARFRUIT;SEASHELLS;4980.0;2
357800;Ruby;Vinnie;STARFRUIT;SEASHELLS;4980.0;1
358000;Vinnie;Amelia;AMETHYSTS;SEASHELLS;9996.0;2
358400;Ruby;Vladimir;AMETHYSTS;SEASHELLS;10002.0;7
358500;Valentina;Remy;STARFRUIT;SEASHELLS;4975.0;1
358600;Valentina;Remy;STARFRUIT;SEASHELLS;4975.0;1
358600;Remy;Valentina;AMETHYSTS;SEASHELLS;10002.0;1
359300;Valentina;Ruby;AMETHYSTS;SEASHELLS;9995.0;6
359600;Remy;Valentina;AMETHYSTS;SEASHELLS;10002.0;1
359900;Vladimir;Remy;STARFRUIT;SEASHELLS;4976.0;1
359900;Vinnie;Remy;AMETHYSTS;SEASHELLS;9996.0;1
360000;Vladimir;Rhianna;AMETHYSTS;SEASHELLS;9998.0;1
360000;Ruby;Valentina;STARFRUIT;SEASHELLS;4983.0;11
360100;Vladimir;Remy;STARFRUIT;SEASHELLS;4977.0;1
360400;Remy;Valentina;AMETHYSTS;SEASHELLS;10002.0;1
360900;Vladimir;Rhianna;AMETHYSTS;SEASHELLS;9998.0;4
361300;Vladimir;Remy;STARFRUIT;SEASHELLS;4978.0;2
361300;Valentina;Remy;AMETHYSTS;SEASHELLS;9996.0;1
361300;Vinnie;Remy;AMETHYSTS;SEASHELLS;9996.0;1
361700;Remy;Valentina;STARFRUIT;SEASHELLS;4983.0;1
361800;Vinnie;Ruby;STARFRUIT;SEASHELLS;4981.0;4
362100;Valentina;Amelia;STARFRUIT;SEASHELLS;4978.0;9
362500;Remy;Vladimir;AMETHYSTS;SEASHELLS;10002.0;1
362700;Remy;Valentina;AMETHYSTS;SEASHELLS;10002.0;1
362800;Adam;Vladimir;AMETHYSTS;SEASHELLS;10002.0;5
363200;Ruby;Vinnie;AMETHYSTS;SEASHELLS;10004.0;1
363200;Ruby;Valentina;AMETHYSTS;SEASHELLS;10004.0;1
363300;Remy;Valentina;STARFRUIT;SEASHELLS;4984.0;1
363900;Valentina;Ruby;STARFRUIT;SEASHELLS;4979.0;14
364000;Remy;Valentina;AMETHYSTS;SEASHELLS;10002.0;1
364100;Remy;Valentina;STARFRUIT;SEASHELLS;4984.0;1
364600;Remy;Valentina;STARFRUIT;SEASHELLS;4984.0;1
365000;Vinnie;Remy;STARFRUIT;SEASHELLS;4978.0;1
365300;Remy;Remy;STARFRUIT;SEASHELLS;4983.0;1
365300;Vladimir;Ruby;AMETHYSTS;SEASHELLS;9998.0;5
365300;Vladimir;Remy;AMETHYSTS;SEASHELLS;9998.0;1
365900;Valentina;Rhianna;AMETHYSTS;SEASHELLS;9998.0;5
365900;Remy;Valentina;STARFRUIT;SEASHELLS;4982.0;1
366100;Valentina;Remy;AMETHYSTS;SEASHELLS;9998.0;1
366200;Vladimir;Remy;STARFRUIT;SEASHELLS;4978.0;1
366500;Rhianna;Remy;AMETHYSTS;SEASHELLS;10002.0;1
366500;Vinnie;Remy;STARFRUIT;SEASHELLS;4978.0;1
366700;Valentina;Remy;STARFRUIT;SEASHELLS;4978.0;1
367000;Valentina;Remy;STARFRUIT;SEASHELLS;4979.0;1
367000;Ruby;Vinnie;STARFRUIT;SEASHELLS;4985.0;2
367100;Valentina;Remy;STARFRUIT;SEASHELLS;4979.0;1
367200;Remy;Valentina;AMETHYSTS;SEASHELLS;10002.0;1
368000;Remy;Valentina;STARFRUIT;SEASHELLS;4986.0;2
368000;Remy;Valentina;AMETHYSTS;SEASHELLS;10005.0;2
368100;Rhianna;Vladimir;AMETHYSTS;SEASHELLS;10002.0;1
368100;Remy;Valentina;STARFRUIT;SEASHELLS;4985.0;1
368100;Remy;Vinnie;AMETHYSTS;SEASHELLS;10004.0;1
368500;Valentina;Rhianna;STARFRUIT;SEASHELLS;4980.0;5
368700;Valentina;Vinnie;STARFRUIT;SEASHELLS;4982.0;3
368700;Valentina;Remy;STARFRUIT;SEASHELLS;4980.0;1
368700;Valentina;Rhianna;AMETHYSTS;SEASHELLS;9998.0;2
368800;Remy;Vinnie;AMETHYSTS;SEASHELLS;10004.0;1
368800;Remy;Vladimir;STARFRUIT;SEASHELLS;4984.0;1
369000;Vladimir;Adam;STARFRUIT;SEASHELLS;4980.0;6
369100;Remy;Vinnie;AMETHYSTS;SEASHELLS;10004.0;1
369100;Remy;Valentina;STARFRUIT;SEASHELLS;4986.0;1
369300;Vinnie;Remy;STARFRUIT;SEASHELLS;4979.0;1
369700;Rhianna;Valentina;STARFRUIT;SEASHELLS;4983.0;2
369700;Rhianna;Valentina;AMETHYSTS;SEASHELLS;10002.0;4
369900;Remy;Valentina;STARFRUIT;SEASHELLS;4984.0;1
370700;Remy;Vladimir;AMETHYSTS;SEASHELLS;10002.0;1
370800;Vladimir;Remy;AMETHYSTS;SEASHELLS;9998.0;1
370900;Valentina;Remy;AMETHYSTS;SEASHELLS;9996.0;1
370900;Valentina;Remy;STARFRUIT;SEASHELLS;4980.0;2
370900;Vinnie;Remy;AMETHYSTS;SEASHELLS;9996.0;1
370900;Valentina;Remy;STARFRUIT;SEASHELLS;4980.0;1
371200;Valentina;Remy;AMETHYSTS;SEASHELLS;9998.0;1
371300;Remy;Valentina;STARFRUIT;SEASHELLS;4985.0;1
371400;Vladimir;Rhianna;AMETHYSTS;SEASHELLS;9998.0;5
371700;Valentina;Remy;STARFRUIT;SEASHELLS;4978.0;1
371900;Valentina;Rhianna;AMETHYSTS;SEASHELLS;9998.0;1
372200;Rhianna;Valentina;AMETHYSTS;SEASHELLS;10002.0;5
372600;Valentina;Rhianna;STARFRUIT;SEASHELLS;4980.0;3
372600;Valentina;Remy;STARFRUIT;SEASHELLS;4979.0;1
372700;Remy;Valentina;STARFRUIT;SEASHELLS;4986.0;2
372700;Remy;Vinnie;AMETHYSTS;SEASHELLS;10004.0;2
372900;Valentina;Remy;STARFRUIT;SEASHELLS;4980.0;1
