timestamp;buyer;seller;symbol;currency;price;quantity
100;Rhianna;Valentina;STARFRUIT;SEASHELLS;5041.0;4
100;Remy;Vladimir;AMETHYSTS;SEASHELLS;10002.0;1
300;Valentina;Rhianna;AMETHYSTS;SEASHELLS;9998.0;2
300;Valentina;Remy;AMETHYSTS;SEASHELLS;9998.0;1
300;Valentina;Ruby;STARFRUIT;SEASHELLS;5037.0;6
500;Remy;Valentina;STARFRUIT;SEASHELLS;5044.0;1
500;Remy;Vinnie;AMETHYSTS;SEASHELLS;10004.0;1
500;Remy;Valentina;AMETHYSTS;SEASHELLS;10002.0;1
1300;Rhianna;Adam;STARFRUIT;SEASHELLS;5040.0;2
1400;Valentina;Remy;STARFRUIT;SEASHELLS;5036.0;1
1500;Remy;Valentina;STARFRUIT;SEASHELLS;5041.0;1
1500;Remy;Valentina;AMETHYSTS;SEASHELLS;10002.0;1
1700;Ruby;Valentina;AMETHYSTS;SEASHELLS;10005.0;6
2400;Adam;Valentina;STARFRUIT;SEASHELLS;5042.0;10
2700;Vladimir;Rhianna;AMETHYSTS;SEASHELLS;9998.0;5
2800;Remy;Valentina;STARFRUIT;SEASHELLS;5041.0;1
2900;Adam;Remy;AMETHYSTS;SEASHELLS;9998.0;1
3100;Vinnie;Remy;STARFRUIT;SEASHELLS;5035.0;1
3300;Ruby;Amelia;AMETHYSTS;SEASHELLS;9996.0;2
3300;Vinnie;Amelia;AMETHYSTS;SEASHELLS;9996.0;2
3700;Remy;Vinnie;STARFRUIT;SEASHELLS;5040.0;1
3700;Valentina;Vinnie;STARFRUIT;SEASHELLS;5037.0;4
3800;Valentina;Amelia;STARFRUIT;SEASHELLS;5034.0;11
4200;Valentina;Ruby;STARFRUIT;SEASHELLS;5035.0;2
4200;Vladimir;Ruby;STARFRUIT;SEASHELLS;5035.0;3
4300;Valentina;Ruby;AMETHYSTS;SEASHELLS;9996.0;1
4300;Vinnie;Ruby;AMETHYSTS;SEASHELLS;9996.0;2
4300;Valentina;Remy;AMETHYSTS;SEASHELLS;9995.0;1
4300;Vinnie;Remy;STARFRUIT;SEASHELLS;5035.0;1
4400;Vladimir;Remy;STARFRUIT;SEASHELLS;5035.0;1
4400;Valentina;Remy;AMETHYSTS;SEASHELLS;9998.0;1
4800;Rhianna;Valentina;AMETHYSTS;SEASHELLS;10002.0;3
4800;Remy;Vladimir;STARFRUIT;SEASHELLS;5039.0;1
4900;Remy;Rhianna;AMETHYSTS;SEASHELLS;9998.0;1
4900;Valentina;Rhianna;AMETHYSTS;SEASHELLS;9998.0;4
5400;Valentina;Vinnie;STARFRUIT;SEASHELLS;5035.0;6
6700;Rhianna;Valentina;AMETHYSTS;SEASHELLS;10002.0;4
6800;Valentina;Remy;STARFRUIT;SEASHELLS;5030.0;2
6800;Valentina;Remy;AMETHYSTS;SEASHELLS;9996.0;1
6800;Vinnie;Remy;AMETHYSTS;SEASHELLS;9996.0;1
6800;Vladimir;Amelia;AMETHYSTS;SEASHELLS;9998.0;1
6900;Remy;Vladimir;STARFRUIT;SEASHELLS;5035.0;1
7200;Remy;Vinnie;AMETHYSTS;SEASHELLS;10004.0;1
7200;Remy;Vinnie;STARFRUIT;SEASHELLS;5036.0;1
7300;Valentina;Amelia;STARFRUIT;SEASHELLS;5030.0;15
7400;Remy;Valentina;AMETHYSTS;SEASHELLS;10002.0;1
7700;Remy;Vladimir;STARFRUIT;SEASHELLS;5035.0;1
7700;Remy;Vladimir;STARFRUIT;SEASHELLS;5036.0;1
7700;Remy;Valentina;AMETHYSTS;SEASHELLS;10005.0;1
7800;Remy;Valentina;STARFRUIT;SEASHELLS;5036.0;1
7900;Remy;Valentina;STARFRUIT;SEASHELLS;5035.0;1
7900;Remy;Vladimir;AMETHYSTS;SEASHELLS;10002.0;1
8100;Ruby;Valentina;STARFRUIT;SEASHELLS;5037.0;14
8200;Valentina;Rhianna;AMETHYSTS;SEASHELLS;9998.0;1
8300;Ruby;Valentina;STARFRUIT;SEASHELLS;5037.0;11
8900;Rhianna;Valentina;AMETHYSTS;SEASHELLS;10002.0;5
9300;Rhianna;Valentina;STARFRUIT;SEASHELLS;5034.0;4
9600;Rhianna;Adam;STARFRUIT;SEASHELLS;5034.0;1
9600;Rhianna;Remy;STARFRUIT;SEASHELLS;5034.0;1
10100;Rhianna;Valentina;STARFRUIT;SEASHELLS;5033.0;4
10300;Remy;Vinnie;STARFRUIT;SEASHELLS;5035.0;2
10300;Remy;Vinnie;AMETHYSTS;SEASHELLS;10004.0;2
10600;Valentina;Remy;AMETHYSTS;SEASHELLS;9998.0;1
10600;Valentina;Rhianna;AMETHYSTS;SEASHELLS;9998.0;1
10700;Valentina;Ruby;STARFRUIT;SEASHELLS;5029.0;6
10800;Remy;Valentina;AMETHYSTS;SEASHELLS;10002.0;1
10800;Valentina;Remy;STARFRUIT;SEASHELLS;5029.0;1
11100;Vinnie;Ruby;AMETHYSTS;SEASHELLS;9996.0;2
11300;Ruby;Valentina;STARFRUIT;SEASHELLS;5034.0;6
11400;Vladimir;Remy;AMETHYSTS;SEASHELLS;9998.0;1
12000;Rhianna;Valentina;STARFRUIT;SEASHELLS;5032.0;15
12100;Vinnie;Ruby;STARFRUIT;SEASHELLS;5026.0;2
12100;Remy;Vladimir;AMETHYSTS;SEASHELLS;10002.0;1
12300;Remy;Vinnie;AMETHYSTS;SEASHELLS;10002.0;1
12500;Rhianna;Valentina;AMETHYSTS;SEASHELLS;10002.0;5
13300;Remy;Vladimir;STARFRUIT;SEASHELLS;5034.0;1
13600;Rhianna;Valentina;STARFRUIT;SEASHELLS;5033.0;5
13700;Vinnie;Remy;AMETHYSTS;SEASHELLS;9998.0;1
14000;Remy;Remy;STARFRUIT;SEASHELLS;5035.0;1
14000;Vinnie;Remy;AMETHYSTS;SEASHELLS;9996.0;1
14300;Vinnie;Remy;STARFRUIT;SEASHELLS;5029.0;1
14500;Valentina;Remy;STARFRUIT;SEASHELLS;5029.0;1
14500;Valentina;Vinnie;STARFRUIT;SEASHELLS;5032.0;2
14800;Vinnie;Remy;STARFRUIT;SEASHELLS;5029.0;1
15000;Vinnie;Remy;STARFRUIT;SEASHELLS;5029.0;1
15100;Remy;Valentina;STARFRUIT;SEASHELLS;5033.0;1
15100;Remy;Valentina;AMETHYSTS;SEASHELLS;10002.0;1
15200;Vladimir;Adam;STARFRUIT;SEASHELLS;5029.0;7
15400;Remy;Vladimir;AMETHYSTS;SEASHELLS;10002.0;1
15400;Remy;Vladimir;STARFRUIT;SEASHELLS;5033.0;1
15500;Valentina;Ruby;STARFRUIT;SEASHELLS;5028.0;4
15500;Remy;Vladimir;STARFRUIT;SEASHELLS;5033.0;1
15800;Valentina;Amelia;STARFRUIT;SEASHELLS;5028.0;11
15800;Vladimir;Rhianna;AMETHYSTS;SEASHELLS;9998.0;4
16200;Rhianna;Remy;STARFRUIT;SEASHELLS;5033.0;1
16700;Valentina;Remy;STARFRUIT;SEASHELLS;5028.0;1
16800;Remy;Valentina;STARFRUIT;SEASHELLS;5035.0;2
16800;Remy;Vladimir;AMETHYSTS;SEASHELLS;10002.0;2
17100;Vinnie;Remy;STARFRUIT;SEASHELLS;5028.0;1
17300;Valentina;Remy;AMETHYSTS;SEASHELLS;9998.0;1
18000;Rhianna;Valentina;STARFRUIT;SEASHELLS;5030.0;5
18200;Ruby;Vinnie;STARFRUIT;SEASHELLS;5033.0;1
18600;Remy;Vladimir;AMETHYSTS;SEASHELLS;10002.0;1
18700;Amelia;Vladimir;STARFRUIT;SEASHELLS;5033.0;3
18700;Rhianna;Vladimir;STARFRUIT;SEASHELLS;5033.0;5
18700;Amelia;Valentina;STARFRUIT;SEASHELLS;5033.0;12
18900;Remy;Valentina;STARFRUIT;SEASHELLS;5036.0;2
18900;Remy;Vinnie;AMETHYSTS;SEASHELLS;10004.0;1
19000;Adam;Vladimir;STARFRUIT;SEASHELLS;5034.0;2
19000;Adam;Remy;STARFRUIT;SEASHELLS;5030.0;1
20100;Ruby;Valentina;STARFRUIT;SEASHELLS;5039.0;10
20100;Vladimir;Remy;AMETHYSTS;SEASHELLS;9998.0;1
20100;Ruby;Vinnie;STARFRUIT;SEASHELLS;5039.0;2
20500;Adam;Valentina;STARFRUIT;SEASHELLS;5037.0;10
20600;Remy;Valentina;STARFRUIT;SEASHELLS;5040.0;1
20600;Remy;Vinnie;AMETHYSTS;SEASHELLS;10004.0;1
20800;Remy;Valentina;STARFRUIT;SEASHELLS;5039.0;1
20900;Ruby;Vinnie;AMETHYSTS;SEASHELLS;10004.0;1
21100;Valentina;Remy;STARFRUIT;SEASHELLS;5034.0;2
21100;Valentina;Remy;AMETHYSTS;SEASHELLS;9998.0;1
21100;Vladimir;Remy;AMETHYSTS;SEASHELLS;9998.0;1
21600;Remy;Valentina;AMETHYSTS;SEASHELLS;10002.0;1
21600;Valentina;Remy;STARFRUIT;SEASHELLS;5035.0;1
21900;Vinnie;Remy;AMETHYSTS;SEASHELLS;9996.0;1
21900;Vladimir;Remy;STARFRUIT;SEASHELLS;5036.0;1
22000;Valentina;Vinnie;STARFRUIT;SEASHELLS;5038.0;2
22000;Ruby;Vinnie;AMETHYSTS;SEASHELLS;10000.0;2
22000;Vladimir;Remy;STARFRUIT;SEASHELLS;5036.0;1
22100;Vinnie;Remy;AMETHYSTS;SEASHELLS;9996.0;1
22100;Valentina;Remy;STARFRUIT;SEASHELLS;5035.0;1
22400;Rhianna;Valentina;AMETHYSTS;SEASHELLS;10002.0;2
22400;Rhianna;Remy;AMETHYSTS;SEASHELLS;10002.0;1
22500;Adam;Valentina;AMETHYSTS;SEASHELLS;10002.0;6
22700;Ruby;Valentina;STARFRUIT;SEASHELLS;5043.0;9
23200;Valentina;Remy;AMETHYSTS;SEASHELLS;9998.0;1
23300;Rhianna;Vladimir;STARFRUIT;SEASHELLS;5041.0;2
23700;Ruby;Valentina;STARFRUIT;SEASHELLS;5044.0;5
23900;Remy;Valentina;STARFRUIT;SEASHELLS;5042.0;1
24200;Vladimir;Remy;AMETHYSTS;SEASHELLS;9998.0;1
24300;Remy;Valentina;AMETHYSTS;SEASHELLS;10002.0;1
24300;Rhianna;Valentina;AMETHYSTS;SEASHELLS;10002.0;5
24500;Valentina;Remy;AMETHYSTS;SEASHELLS;9998.0;1
24500;Valentina;Rhianna;AMETHYSTS;SEASHELLS;9998.0;1
24500;Vladimir;Remy;STARFRUIT;SEASHELLS;5037.0;1
24700;Remy;Vinnie;AMETHYSTS;SEASHELLS;10004.0;1
24700;Remy;Valentina;STARFRUIT;SEASHELLS;5044.0;1
25100;Remy;Valentina;STARFRUIT;SEASHELLS;5043.0;2
25100;Remy;Valentina;AMETHYSTS;SEASHELLS;10005.0;2
25300;Vinnie;Remy;AMETHYSTS;SEASHELLS;9996.0;1
25300;Valentina;Remy;STARFRUIT;SEASHELLS;5036.0;1
25400;Remy;Valentina;STARFRUIT;SEASHELLS;5042.0;1
25400;Remy;Vinnie;AMETHYSTS;SEASHELLS;10004.0;1
26500;Remy;Valentina;STARFRUIT;SEASHELLS;5043.0;1
26500;Remy;Vladimir;AMETHYSTS;SEASHELLS;10002.0;2
26500;Remy;Vinnie;STARFRUIT;SEASHELLS;5044.0;1
26500;Remy;Valentina;STARFRUIT;SEASHELLS;5044.0;1
26600;Rhianna;Valentina;AMETHYSTS;SEASHELLS;10002.0;3
26700;Rhianna;Vinnie;STARFRUIT;SEASHELLS;5041.0;2
26900;Valentina;Rhianna;AMETHYSTS;SEASHELLS;9998.0;1
27400;Ruby;Vinnie;AMETHYSTS;SEASHELLS;10004.0;1
27600;Valentina;Remy;AMETHYSTS;SEASHELLS;9998.0;1
27700;Rhianna;Valentina;STARFRUIT;SEASHELLS;5042.0;3
27700;Vinnie;Ruby;AMETHYSTS;SEASHELLS;9996.0;2
27700;Valentina;Ruby;AMETHYSTS;SEASHELLS;9996.0;4
27900;Valentina;Rhianna;AMETHYSTS;SEASHELLS;9998.0;4
28000;Remy;Vladimir;AMETHYSTS;SEASHELLS;10002.0;1
28000;Remy;Valentina;STARFRUIT;SEASHELLS;5045.0;1
28100;Valentina;Rhianna;STARFRUIT;SEASHELLS;5040.0;2
28100;Valentina;Remy;AMETHYSTS;SEASHELLS;9995.0;1
28100;Valentina;Remy;STARFRUIT;SEASHELLS;5039.0;1
28100;Vladimir;Rhianna;STARFRUIT;SEASHELLS;5040.0;1
28600;Valentina;Remy;STARFRUIT;SEASHELLS;5039.0;1
28700;Vinnie;Ruby;AMETHYSTS;SEASHELLS;9996.0;1
28700;Valentina;Ruby;AMETHYSTS;SEASHELLS;9996.0;7
29000;Remy;Valentina;STARFRUIT;SEASHELLS;5046.0;1
29000;Remy;Valentina;AMETHYSTS;SEASHELLS;10005.0;1
29200;Rhianna;Remy;AMETHYSTS;SEASHELLS;10002.0;1
29200;Rhianna;Vladimir;AMETHYSTS;SEASHELLS;10002.0;1
29300;Valentina;Remy;STARFRUIT;SEASHELLS;5040.0;1
29900;Valentina;Vinnie;STARFRUIT;SEASHELLS;5043.0;6
29900;Rhianna;Vinnie;AMETHYSTS;SEASHELLS;10002.0;4
30000;Remy;Ruby;STARFRUIT;SEASHELLS;5046.0;1
30100;Rhianna;Vinnie;STARFRUIT;SEASHELLS;5045.0;5
30700;Valentina;Remy;STARFRUIT;SEASHELLS;5040.0;1
31200;Vinnie;Remy;STARFRUIT;SEASHELLS;5038.0;1
31500;Valentina;Remy;STARFRUIT;SEASHELLS;5038.0;1
31700;Remy;Rhianna;AMETHYSTS;SEASHELLS;9998.0;1
31700;Valentina;Rhianna;AMETHYSTS;SEASHELLS;9998.0;3
31700;Remy;Valentina;STARFRUIT;SEASHELLS;5045.0;1
32000;Remy;Vinnie;AMETHYSTS;SEASHELLS;10002.0;1
32200;Remy;Valentina;STARFRUIT;SEASHELLS;5043.0;1
32300;Remy;Vladimir;AMETHYSTS;SEASHELLS;10002.0;1
32700;Remy;Ruby;AMETHYSTS;SEASHELLS;10002.0;1
32800;Valentina;Rhianna;STARFRUIT;SEASHELLS;5039.0;5
33600;Valentina;Remy;STARFRUIT;SEASHELLS;5037.0;1
33700;Vladimir;Remy;AMETHYSTS;SEASHELLS;9998.0;1
33800;Rhianna;Valentina;AMETHYSTS;SEASHELLS;10002.0;1
33900;Remy;Valentina;AMETHYSTS;SEASHELLS;10005.0;2
33900;Remy;Valentina;STARFRUIT;SEASHELLS;5042.0;2
34200;Valentina;Remy;STARFRUIT;SEASHELLS;5037.0;1
34200;Valentina;Remy;AMETHYSTS;SEASHELLS;9995.0;2
34200;Vinnie;Ruby;AMETHYSTS;SEASHELLS;9996.0;1
34200;Vladimir;Remy;STARFRUIT;SEASHELLS;5037.0;1
34200;Valentina;Ruby;AMETHYSTS;SEASHELLS;9996.0;2
34300;Valentina;Remy;STARFRUIT;SEASHELLS;5036.0;1
34300;Valentina;Ruby;STARFRUIT;SEASHELLS;5036.0;10
34400;Valentina;Remy;STARFRUIT;SEASHELLS;5037.0;1
34700;Valentina;Rhianna;AMETHYSTS;SEASHELLS;9998.0;5
34800;Rhianna;Valentina;AMETHYSTS;SEASHELLS;10002.0;1
34900;Valentina;Remy;STARFRUIT;SEASHELLS;5037.0;1
35200;Valentina;Remy;STARFRUIT;SEASHELLS;5037.0;1
35500;Valentina;Remy;STARFRUIT;SEASHELLS;5037.0;1
35600;Vinnie;Remy;STARFRUIT;SEASHELLS;5038.0;1
35700;Rhianna;Vladimir;AMETHYSTS;SEASHELLS;10002.0;1
35700;Remy;Ruby;AMETHYSTS;SEASHELLS;10002.0;1
35900;Remy;Vladimir;STARFRUIT;SEASHELLS;5041.0;1
36000;Valentina;Remy;AMETHYSTS;SEASHELLS;9998.0;1
36500;Vinnie;Ruby;AMETHYSTS;SEASHELLS;9996.0;1
36700;Remy;Remy;AMETHYSTS;SEASHELLS;10002.0;1
36700;Valentina;Remy;STARFRUIT;SEASHELLS;5035.0;1
36800;Rhianna;Valentina;STARFRUIT;SEASHELLS;5040.0;3
36800;Remy;Valentina;AMETHYSTS;SEASHELLS;10002.0;1
37100;Remy;Valentina;STARFRUIT;SEASHELLS;5041.0;1
37200;Vladimir;Remy;AMETHYSTS;SEASHELLS;9998.0;1
37300;Adam;Vladimir;AMETHYSTS;SEASHELLS;10002.0;7
37300;Adam;Valentina;AMETHYSTS;SEASHELLS;10002.0;5
37400;Vinnie;Amelia;STARFRUIT;SEASHELLS;5038.0;1
37700;Remy;Valentina;STARFRUIT;SEASHELLS;5042.0;1
37900;Remy;Adam;STARFRUIT;SEASHELLS;5043.0;1
38100;Valentina;Remy;STARFRUIT;SEASHELLS;5038.0;1
38200;Vladimir;Adam;AMETHYSTS;SEASHELLS;9998.0;5
38200;Valentina;Adam;AMETHYSTS;SEASHELLS;9998.0;2
38400;Valentina;Remy;STARFRUIT;SEASHELLS;5039.0;1
38500;Remy;Valentina;AMETHYSTS;SEASHELLS;10002.0;1
38500;Remy;Valentina;STARFRUIT;SEASHELLS;5044.0;1
38600;Rhianna;Valentina;AMETHYSTS;SEASHELLS;10002.0;5
38800;Rhianna;Valentina;STARFRUIT;SEASHELLS;5042.0;4
38900;Rhianna;Vladimir;AMETHYSTS;SEASHELLS;10002.0;4
39400;Remy;Vinnie;STARFRUIT;SEASHELLS;5044.0;1
39400;Remy;Vinnie;AMETHYSTS;SEASHELLS;10004.0;1
39600;Valentina;Amelia;STARFRUIT;SEASHELLS;5038.0;9
39600;Ruby;Valentina;AMETHYSTS;SEASHELLS;10005.0;2
39700;Remy;Valentina;STARFRUIT;SEASHELLS;5045.0;1
39700;Valentina;Ruby;AMETHYSTS;SEASHELLS;9995.0;2
39700;Remy;Valentina;AMETHYSTS;SEASHELLS;10005.0;1
39700;Amelia;Valentina;AMETHYSTS;SEASHELLS;10005.0;8
40100;Remy;Valentina;AMETHYSTS;SEASHELLS;10002.0;1
40300;Valentina;Vinnie;STARFRUIT;SEASHELLS;5039.0;4
40300;Vinnie;Ruby;AMETHYSTS;SEASHELLS;9996.0;1
40300;Valentina;Ruby;AMETHYSTS;SEASHELLS;9996.0;5
40800;Amelia;Valentina;STARFRUIT;SEASHELLS;5045.0;9
41200;Rhianna;Valentina;STARFRUIT;SEASHELLS;5043.0;3
41400;Valentina;Remy;STARFRUIT;SEASHELLS;5039.0;1
41500;Vladimir;Remy;AMETHYSTS;SEASHELLS;9998.0;1
41500;Amelia;Rhianna;STARFRUIT;SEASHELLS;5040.0;2
41900;Valentina;Rhianna;STARFRUIT;SEASHELLS;5039.0;2
42200;Valentina;Remy;AMETHYSTS;SEASHELLS;9995.0;2
42200;Vladimir;Remy;STARFRUIT;SEASHELLS;5039.0;2
42300;Ruby;Vladimir;STARFRUIT;SEASHELLS;5044.0;6
42300;Remy;Valentina;AMETHYSTS;SEASHELLS;10005.0;1
42300;Remy;Valentina;STARFRUIT;SEASHELLS;5046.0;1
42300;Ruby;Valentina;STARFRUIT;SEASHELLS;5044.0;1
42300;Remy;Vladimir;STARFRUIT;SEASHELLS;5044.0;1
42500;Valentina;Remy;STARFRUIT;SEASHELLS;5038.0;1
42700;Valentina;Remy;STARFRUIT;SEASHELLS;5038.0;1
43200;Remy;Vinnie;AMETHYSTS;SEASHELLS;10002.0;1
43200;Valentina;Vinnie;STARFRUIT;SEASHELLS;5041.0;2
43400;Valentina;Remy;STARFRUIT;SEASHELLS;5037.0;1
43800;Valentina;Remy;AMETHYSTS;SEASHELLS;9998.0;1
44000;Rhianna;Valentina;AMETHYSTS;SEASHELLS;10002.0;4
44100;Vinnie;Remy;AMETHYSTS;SEASHELLS;9996.0;2
44100;Valentina;Remy;STARFRUIT;SEASHELLS;5036.0;1
44100;Valentina;Remy;STARFRUIT;SEASHELLS;5036.0;2
44200;Vladimir;Ruby;AMETHYSTS;SEASHELLS;9998.0;2
44500;Vinnie;Remy;AMETHYSTS;SEASHELLS;9996.0;1
44500;Valentina;Remy;STARFRUIT;SEASHELLS;5036.0;1
44700;Vinnie;Remy;AMETHYSTS;SEASHELLS;9996.0;1
44700;Vladimir;Remy;STARFRUIT;SEASHELLS;5038.0;1
44900;Adam;Valentina;STARFRUIT;SEASHELLS;5041.0;9
45100;Valentina;Ruby;STARFRUIT;SEASHELLS;5037.0;5
45100;Vinnie;Ruby;STARFRUIT;SEASHELLS;5037.0;2
45100;Valentina;Remy;AMETHYSTS;SEASHELLS;9998.0;1
45300;Valentina;Remy;STARFRUIT;SEASHELLS;5037.0;1
45300;Ruby;Remy;AMETHYSTS;SEASHELLS;9998.0;1
45300;Ruby;Valentina;STARFRUIT;SEASHELLS;5044.0;15
45600;Remy;Vladimir;STARFRUIT;SEASHELLS;5042.0;1
46000;Valentina;Ruby;AMETHYSTS;SEASHELLS;9996.0;1
46000;Vinnie;Ruby;AMETHYSTS;SEASHELLS;9996.0;2
46000;Valentina;Rhianna;AMETHYSTS;SEASHELLS;9998.0;5
46100;Valentina;Remy;STARFRUIT;SEASHELLS;5038.0;1
46200;Adam;Valentina;STARFRUIT;SEASHELLS;5043.0;8
46200;Rhianna;Valentina;STARFRUIT;SEASHELLS;5042.0;2
46300;Remy;Vladimir;STARFRUIT;SEASHELLS;5044.0;1
46400;Adam;Valentina;STARFRUIT;SEASHELLS;5043.0;10
46500;Valentina;Remy;STARFRUIT;SEASHELLS;5038.0;1
46800;Valentina;Rhianna;STARFRUIT;SEASHELLS;5040.0;5
46800;Vladimir;Remy;AMETHYSTS;SEASHELLS;9998.0;1
46900;Remy;Valentina;STARFRUIT;SEASHELLS;5044.0;1
47000;Valentina;Remy;AMETHYSTS;SEASHELLS;9995.0;2
47000;Valentina;Remy;STARFRUIT;SEASHELLS;5039.0;2
47100;Valentina;Remy;STARFRUIT;SEASHELLS;5039.0;1
47200;Remy;Vladimir;STARFRUIT;SEASHELLS;5044.0;1
47200;Rhianna;Valentina;STARFRUIT;SEASHELLS;5043.0;4
47600;Valentina;Remy;AMETHYSTS;SEASHELLS;9995.0;2
47600;Valentina;Remy;STARFRUIT;SEASHELLS;5037.0;2
47700;Valentina;Rhianna;AMETHYSTS;SEASHELLS;9998.0;1
48300;Remy;Valentina;STARFRUIT;SEASHELLS;5043.0;1
48400;Ruby;Valentina;STARFRUIT;SEASHELLS;5044.0;5
48700;Rhianna;Valentina;AMETHYSTS;SEASHELLS;10002.0;2
48900;Valentina;Remy;STARFRUIT;SEASHELLS;5036.0;1
49100;Vladimir;Remy;AMETHYSTS;SEASHELLS;9998.0;2
49100;Valentina;Remy;STARFRUIT;SEASHELLS;5035.0;2
49300;Remy;Valentina;STARFRUIT;SEASHELLS;5040.0;1
49700;Remy;Vladimir;AMETHYSTS;SEASHELLS;10002.0;1
49800;Amelia;Remy;AMETHYSTS;SEASHELLS;9998.0;1
49900;Remy;Vladimir;AMETHYSTS;SEASHELLS;10002.0;1
50100;Remy;Vinnie;AMETHYSTS;SEASHELLS;10004.0;2
50100;Ruby;Valentina;STARFRUIT;SEASHELLS;5043.0;6
50100;Ruby;Vinnie;STARFRUIT;SEASHELLS;5043.0;2
50100;Adam;Valentina;STARFRUIT;SEASHELLS;5042.0;10
50100;Remy;Valentina;STARFRUIT;SEASHELLS;5044.0;2
50300;Remy;Vladimir;AMETHYSTS;SEASHELLS;10002.0;1
50400;Rhianna;Valentina;AMETHYSTS;SEASHELLS;10002.0;4
50600;Remy;Valentina;STARFRUIT;SEASHELLS;5041.0;1
50800;Valentina;Remy;AMETHYSTS;SEASHELLS;9998.0;1
51300;Vinnie;Amelia;STARFRUIT;SEASHELLS;5038.0;2
51300;Valentina;Amelia;STARFRUIT;SEASHELLS;5038.0;7
51600;Vinnie;Ruby;STARFRUIT;SEASHELLS;5038.0;2
52000;Vinnie;Adam;STARFRUIT;SEASHELLS;5038.0;3
52000;Valentina;Adam;STARFRUIT;SEASHELLS;5038.0;7
52300;Rhianna;Adam;STARFRUIT;SEASHELLS;5042.0;5
52300;Remy;Adam;STARFRUIT;SEASHELLS;5043.0;1
52600;Valentina;Amelia;STARFRUIT;SEASHELLS;5037.0;15
52700;Valentina;Rhianna;AMETHYSTS;SEASHELLS;9998.0;1
52700;Valentina;Remy;AMETHYSTS;SEASHELLS;9995.0;2
52700;Valentina;Remy;STARFRUIT;SEASHELLS;5037.0;2
53200;Ruby;Valentina;STARFRUIT;SEASHELLS;5043.0;12
53400;Valentina;Remy;STARFRUIT;SEASHELLS;5037.0;1
53500;Valentina;Ruby;STARFRUIT;SEASHELLS;5037.0;8
53600;Vladimir;Remy;STARFRUIT;SEASHELLS;5038.0;1
53600;Vladimir;Amelia;AMETHYSTS;SEASHELLS;9998.0;2
53900;Remy;Vladimir;STARFRUIT;SEASHELLS;5043.0;1
53900;Valentina;Ruby;STARFRUIT;SEASHELLS;5037.0;5
54400;Vinnie;Remy;STARFRUIT;SEASHELLS;5038.0;1
54500;Valentina;Remy;STARFRUIT;SEASHELLS;5038.0;1
54700;Vladimir;Remy;AMETHYSTS;SEASHELLS;9998.0;1
55000;Vladimir;Ruby;STARFRUIT;SEASHELLS;5039.0;4
55000;Remy;Rhianna;AMETHYSTS;SEASHELLS;9998.0;1
55000;Remy;Ruby;STARFRUIT;SEASHELLS;5039.0;1
56600;Amelia;Vinnie;AMETHYSTS;SEASHELLS;10004.0;1
56700;Valentina;Remy;STARFRUIT;SEASHELLS;5038.0;1
56800;Vladimir;Remy;STARFRUIT;SEASHELLS;5038.0;1
57000;Valentina;Remy;STARFRUIT;SEASHELLS;5037.0;2
57000;Valentina;Ruby;STARFRUIT;SEASHELLS;5037.0;13
57000;Valentina;Remy;AMETHYSTS;SEASHELLS;9995.0;2
57300;Remy;Valentina;AMETHYSTS;SEASHELLS;10002.0;1
57400;Valentina;Remy;STARFRUIT;SEASHELLS;5038.0;1
58000;Rhianna;Remy;STARFRUIT;SEASHELLS;5041.0;1
58100;Vladimir;Remy;STARFRUIT;SEASHELLS;5037.0;1
58400;Valentina;Vinnie;STARFRUIT;SEASHELLS;5040.0;4
58800;Vladimir;Remy;AMETHYSTS;SEASHELLS;9998.0;1
58900;Valentina;Remy;AMETHYSTS;SEASHELLS;9998.0;1
59000;Vladimir;Adam;AMETHYSTS;SEASHELLS;9998.0;9
59100;Valentina;Rhianna;AMETHYSTS;SEASHELLS;9998.0;2
59300;Remy;Rhianna;AMETHYSTS;SEASHELLS;9998.0;1
59300;Vinnie;Rhianna;AMETHYSTS;SEASHELLS;9998.0;2
59400;Rhianna;Vladimir;AMETHYSTS;SEASHELLS;10002.0;3
59800;Valentina;Rhianna;STARFRUIT;SEASHELLS;5040.0;5
59900;Remy;Valentina;AMETHYSTS;SEASHELLS;10002.0;1
59900;Remy;Valentina;STARFRUIT;SEASHELLS;5044.0;2
59900;Remy;Vinnie;AMETHYSTS;SEASHELLS;10004.0;2
60100;Valentina;Remy;AMETHYSTS;SEASHELLS;9998.0;1
60100;Valentina;Adam;STARFRUIT;SEASHELLS;5038.0;9
60200;Vinnie;Remy;AMETHYSTS;SEASHELLS;9998.0;1
60400;Vinnie;Rhianna;AMETHYSTS;SEASHELLS;9998.0;2
60500;Valentina;Ruby;STARFRUIT;SEASHELLS;5037.0;15
60500;Vinnie;Remy;AMETHYSTS;SEASHELLS;9996.0;1
60500;Valentina;Remy;STARFRUIT;SEASHELLS;5037.0;1
61000;Remy;Adam;STARFRUIT;SEASHELLS;5038.0;1
61000;Remy;Vinnie;AMETHYSTS;SEASHELLS;10004.0;1
61100;Amelia;Valentina;STARFRUIT;SEASHELLS;5044.0;9
61500;Adam;Valentina;AMETHYSTS;SEASHELLS;10002.0;6
62200;Valentina;Remy;STARFRUIT;SEASHELLS;5038.0;1
62800;Valentina;Amelia;AMETHYSTS;SEASHELLS;9996.0;7
62800;Vinnie;Amelia;AMETHYSTS;SEASHELLS;9996.0;1
62900;Remy;Vinnie;AMETHYSTS;SEASHELLS;10004.0;1
62900;Remy;Vladimir;STARFRUIT;SEASHELLS;5042.0;1
63500;Valentina;Remy;AMETHYSTS;SEASHELLS;9998.0;1
63700;Valentina;Remy;STARFRUIT;SEASHELLS;5037.0;1
63700;Vladimir;Remy;AMETHYSTS;SEASHELLS;9998.0;1
63800;Vinnie;Remy;STARFRUIT;SEASHELLS;5036.0;1
63900;Vladimir;Remy;STARFRUIT;SEASHELLS;5036.0;1
64600;Vinnie;Remy;STARFRUIT;SEASHELLS;5036.0;1
64900;Vladimir;Remy;STARFRUIT;SEASHELLS;5036.0;1
65100;Remy;Vladimir;STARFRUIT;SEASHELLS;5040.0;1
65100;Remy;Vinnie;AMETHYSTS;SEASHELLS;10004.0;1
65300;Remy;Valentina;STARFRUIT;SEASHELLS;5041.0;1
65300;Rhianna;Valentina;STARFRUIT;SEASHELLS;5040.0;5
65300;Remy;Valentina;AMETHYSTS;SEASHELLS;10002.0;1
65400;Valentina;Remy;AMETHYSTS;SEASHELLS;9998.0;1
66000;Vinnie;Remy;AMETHYSTS;SEASHELLS;9996.0;1
66000;Vladimir;Remy;STARFRUIT;SEASHELLS;5037.0;2
66100;Ruby;Valentina;STARFRUIT;SEASHELLS;5044.0;8
66100;Valentina;Ruby;AMETHYSTS;SEASHELLS;9995.0;6
66500;Vladimir;Remy;STARFRUIT;SEASHELLS;5037.0;1
66600;Vladimir;Amelia;STARFRUIT;SEASHELLS;5038.0;1
66600;Valentina;Amelia;STARFRUIT;SEASHELLS;5038.0;9
67000;Rhianna;Valentina;AMETHYSTS;SEASHELLS;10002.0;4
67100;Vinnie;Ruby;AMETHYSTS;SEASHELLS;9996.0;1
67700;Ruby;Valentina;STARFRUIT;SEASHELLS;5044.0;11
67700;Remy;Valentina;AMETHYSTS;SEASHELLS;10002.0;1
67900;Adam;Valentina;STARFRUIT;SEASHELLS;5041.0;9
67900;Ruby;Valentina;STARFRUIT;SEASHELLS;5043.0;15
69200;Amelia;Adam;STARFRUIT;SEASHELLS;5036.0;7
69400;Rhianna;Valentina;AMETHYSTS;SEASHELLS;10002.0;4
69500;Remy;Valentina;AMETHYSTS;SEASHELLS;10002.0;1
69500;Rhianna;Valentina;AMETHYSTS;SEASHELLS;10002.0;1
69600;Remy;Vladimir;AMETHYSTS;SEASHELLS;10002.0;1
69600;Valentina;Amelia;STARFRUIT;SEASHELLS;5033.0;8
69600;Remy;Valentina;STARFRUIT;SEASHELLS;5040.0;1
69800;Valentina;Remy;STARFRUIT;SEASHELLS;5034.0;1
69900;Ruby;Valentina;STARFRUIT;SEASHELLS;5041.0;15
70200;Valentina;Vinnie;STARFRUIT;SEASHELLS;5036.0;3
70400;Rhianna;Vladimir;AMETHYSTS;SEASHELLS;10002.0;5
70600;Vinnie;Ruby;AMETHYSTS;SEASHELLS;9996.0;2
70700;Remy;Vladimir;AMETHYSTS;SEASHELLS;10002.0;2
70700;Remy;Valentina;STARFRUIT;SEASHELLS;5040.0;2
70800;Valentina;Remy;STARFRUIT;SEASHELLS;5033.0;1
70900;Remy;Valentina;AMETHYSTS;SEASHELLS;10005.0;1
70900;Remy;Valentina;STARFRUIT;SEASHELLS;5040.0;1
70900;Amelia;Valentina;AMETHYSTS;SEASHELLS;10005.0;12
71000;Remy;Valentina;STARFRUIT;SEASHELLS;5039.0;1
71400;Adam;Remy;STARFRUIT;SEASHELLS;5036.0;1
71400;Adam;Vladimir;STARFRUIT;SEASHELLS;5040.0;6
72400;Valentina;Amelia;STARFRUIT;SEASHELLS;5036.0;9
72500;Remy;Vinnie;AMETHYSTS;SEASHELLS;10004.0;1
72500;Remy;Valentina;STARFRUIT;SEASHELLS;5043.0;1
73200;Vladimir;Ruby;STARFRUIT;SEASHELLS;5038.0;1
73200;Valentina;Ruby;STARFRUIT;SEASHELLS;5038.0;5
73400;Valentina;Remy;AMETHYSTS;SEASHELLS;9998.0;1
73700;Remy;Valentina;STARFRUIT;SEASHELLS;5043.0;1
74300;Remy;Valentina;STARFRUIT;SEASHELLS;5044.0;1
74400;Rhianna;Remy;STARFRUIT;SEASHELLS;5043.0;1
74400;Rhianna;Ruby;STARFRUIT;SEASHELLS;5043.0;2
74600;Valentina;Remy;STARFRUIT;SEASHELLS;5039.0;1
74600;Ruby;Vinnie;AMETHYSTS;SEASHELLS;10004.0;2
74800;Valentina;Rhianna;AMETHYSTS;SEASHELLS;9998.0;2
74900;Valentina;Remy;AMETHYSTS;SEASHELLS;9998.0;1
75300;Valentina;Remy;STARFRUIT;SEASHELLS;5040.0;1
75600;Ruby;Valentina;STARFRUIT;SEASHELLS;5046.0;13
75800;Remy;Valentina;STARFRUIT;SEASHELLS;5046.0;1
75800;Remy;Vinnie;AMETHYSTS;SEASHELLS;10004.0;1
76300;Valentina;Remy;STARFRUIT;SEASHELLS;5037.0;1
76400;Valentina;Rhianna;STARFRUIT;SEASHELLS;5038.0;3
76800;Valentina;Remy;STARFRUIT;SEASHELLS;5039.0;1
76900;Vladimir;Ruby;STARFRUIT;SEASHELLS;5041.0;4
77100;Vladimir;Remy;STARFRUIT;SEASHELLS;5041.0;1
77400;Valentina;Rhianna;STARFRUIT;SEASHELLS;5042.0;4
77700;Vladimir;Remy;AMETHYSTS;SEASHELLS;9998.0;1
78000;Valentina;Remy;STARFRUIT;SEASHELLS;5043.0;1
78100;Remy;Valentina;AMETHYSTS;SEASHELLS;10002.0;1
78400;Ruby;Valentina;AMETHYSTS;SEASHELLS;10004.0;5
78400;Ruby;Vinnie;AMETHYSTS;SEASHELLS;10004.0;2
78600;Vinnie;Amelia;AMETHYSTS;SEASHELLS;9996.0;2
78700;Amelia;Valentina;STARFRUIT;SEASHELLS;5049.0;10
78800;Remy;Valentina;STARFRUIT;SEASHELLS;5047.0;1
79100;Rhianna;Valentina;STARFRUIT;SEASHELLS;5047.0;3
79100;Rhianna;Remy;STARFRUIT;SEASHELLS;5047.0;1
79300;Vinnie;Remy;AMETHYSTS;SEASHELLS;9996.0;1
79300;Vinnie;Remy;STARFRUIT;SEASHELLS;5043.0;1
79500;Remy;Vinnie;AMETHYSTS;SEASHELLS;10004.0;1
79500;Remy;Vinnie;STARFRUIT;SEASHELLS;5049.0;1
79800;Remy;Valentina;STARFRUIT;SEASHELLS;5050.0;1
79900;Vladimir;Remy;STARFRUIT;SEASHELLS;5045.0;2
79900;Vladimir;Remy;AMETHYSTS;SEASHELLS;9998.0;2
80300;Vladimir;Rhianna;AMETHYSTS;SEASHELLS;9998.0;3
80400;Remy;Rhianna;STARFRUIT;SEASHELLS;5047.0;1
80400;Valentina;Rhianna;STARFRUIT;SEASHELLS;5047.0;2
80400;Valentina;Remy;AMETHYSTS;SEASHELLS;9998.0;1
80600;Valentina;Remy;AMETHYSTS;SEASHELLS;9998.0;1
80700;Valentina;Rhianna;AMETHYSTS;SEASHELLS;9998.0;1
81500;Vladimir;Remy;STARFRUIT;SEASHELLS;5044.0;1
81500;Remy;Valentina;AMETHYSTS;SEASHELLS;10002.0;1
81700;Valentina;Remy;STARFRUIT;SEASHELLS;5044.0;1
81800;Remy;Valentina;STARFRUIT;SEASHELLS;5049.0;1
81900;Valentina;Rhianna;STARFRUIT;SEASHELLS;5046.0;4
82000;Vinnie;Remy;STARFRUIT;SEASHELLS;5045.0;1
82100;Valentina;Ruby;STARFRUIT;SEASHELLS;5045.0;14
82200;Vladimir;Rhianna;AMETHYSTS;SEASHELLS;9998.0;4
82500;Remy;Valentina;STARFRUIT;SEASHELLS;5050.0;1
82700;Valentina;Remy;STARFRUIT;SEASHELLS;5046.0;1
83000;Vladimir;Remy;AMETHYSTS;SEASHELLS;9998.0;1
83400;Valentina;Adam;STARFRUIT;SEASHELLS;5046.0;7
83400;Remy;Valentina;AMETHYSTS;SEASHELLS;10002.0;1
83800;Remy;Valentina;AMETHYSTS;SEASHELLS;10005.0;1
83800;Remy;Valentina;STARFRUIT;SEASHELLS;5054.0;1
84100;Remy;Valentina;STARFRUIT;SEASHELLS;5051.0;1
84100;Remy;Valentina;AMETHYSTS;SEASHELLS;10002.0;1
84500;Valentina;Amelia;STARFRUIT;SEASHELLS;5046.0;13
84500;Valentina;Remy;STARFRUIT;SEASHELLS;5046.0;2
84500;Vinnie;Remy;AMETHYSTS;SEASHELLS;9996.0;1
84600;Ruby;Valentina;STARFRUIT;SEASHELLS;5053.0;7
84800;Remy;Valentina;AMETHYSTS;SEASHELLS;10002.0;1
84800;Remy;Valentina;STARFRUIT;SEASHELLS;5051.0;1
85200;Remy;Vladimir;AMETHYSTS;SEASHELLS;10002.0;1
85200;Remy;Vladimir;STARFRUIT;SEASHELLS;5051.0;1
85400;Remy;Valentina;STARFRUIT;SEASHELLS;5052.0;1
85500;Vladimir;Amelia;AMETHYSTS;SEASHELLS;9998.0;7
85600;Vinnie;Amelia;AMETHYSTS;SEASHELLS;9996.0;2
85800;Remy;Valentina;AMETHYSTS;SEASHELLS;10002.0;1
85900;Vinnie;Ruby;AMETHYSTS;SEASHELLS;9996.0;1
86200;Valentina;Rhianna;AMETHYSTS;SEASHELLS;9998.0;2
86600;Remy;Vladimir;STARFRUIT;SEASHELLS;5054.0;1
86900;Remy;Vinnie;STARFRUIT;SEASHELLS;5054.0;1
86900;Valentina;Vinnie;STARFRUIT;SEASHELLS;5051.0;1
87100;Valentina;Remy;AMETHYSTS;SEASHELLS;9998.0;1
87100;Valentina;Vinnie;STARFRUIT;SEASHELLS;5052.0;5
87200;Vladimir;Ruby;STARFRUIT;SEASHELLS;5050.0;7
87300;Remy;Vladimir;STARFRUIT;SEASHELLS;5054.0;1
87500;Remy;Vladimir;STARFRUIT;SEASHELLS;5054.0;1
87900;Remy;Valentina;STARFRUIT;SEASHELLS;5055.0;1
88400;Adam;Valentina;STARFRUIT;SEASHELLS;5055.0;9
88500;Remy;Valentina;AMETHYSTS;SEASHELLS;10002.0;1
88600;Remy;Valentina;AMETHYSTS;SEASHELLS;10002.0;1
88700;Valentina;Ruby;AMETHYSTS;SEASHELLS;9995.0;8
88900;Rhianna;Valentina;AMETHYSTS;SEASHELLS;10002.0;4
88900;Rhianna;Remy;AMETHYSTS;SEASHELLS;10002.0;1
89100;Remy;Valentina;STARFRUIT;SEASHELLS;5057.0;2
89100;Remy;Valentina;AMETHYSTS;SEASHELLS;10005.0;2
89300;Vinnie;Remy;AMETHYSTS;SEASHELLS;9996.0;2
89300;Valentina;Remy;STARFRUIT;SEASHELLS;5049.0;2
89500;Remy;Valentina;STARFRUIT;SEASHELLS;5054.0;1
89800;Amelia;Vinnie;AMETHYSTS;SEASHELLS;10004.0;1
89800;Vinnie;Remy;AMETHYSTS;SEASHELLS;9998.0;1
89800;Remy;Valentina;STARFRUIT;SEASHELLS;5056.0;2
89800;Remy;Valentina;AMETHYSTS;SEASHELLS;10005.0;2
90200;Vladimir;Rhianna;AMETHYSTS;SEASHELLS;9998.0;2
90200;Remy;Rhianna;AMETHYSTS;SEASHELLS;9998.0;1
90400;Vinnie;Amelia;AMETHYSTS;SEASHELLS;9996.0;1
90800;Valentina;Rhianna;STARFRUIT;SEASHELLS;5053.0;1
90800;Ruby;Rhianna;STARFRUIT;SEASHELLS;5053.0;4
91200;Rhianna;Vinnie;AMETHYSTS;SEASHELLS;10002.0;1
91200;Remy;Vinnie;STARFRUIT;SEASHELLS;5058.0;1
91200;Valentina;Vinnie;STARFRUIT;SEASHELLS;5055.0;2
91300;Valentina;Remy;AMETHYSTS;SEASHELLS;9998.0;0
91300;Vladimir;Remy;AMETHYSTS;SEASHELLS;9998.0;1
91300;Vladimir;Adam;AMETHYSTS;SEASHELLS;9998.0;7
91300;Valentina;Adam;AMETHYSTS;SEASHELLS;9998.0;2
91400;Valentina;Remy;STARFRUIT;SEASHELLS;5054.0;1
91600;Valentina;Remy;STARFRUIT;SEASHELLS;5054.0;1
91600;Valentina;Remy;AMETHYSTS;SEASHELLS;9998.0;1
91800;Valentina;Rhianna;AMETHYSTS;SEASHELLS;9998.0;3
91900;Vladimir;Remy;AMETHYSTS;SEASHELLS;9998.0;1
92400;Remy;Valentina;STARFRUIT;SEASHELLS;5060.0;1
92900;Valentina;Ruby;STARFRUIT;SEASHELLS;5054.0;8
93200;Amelia;Vinnie;AMETHYSTS;SEASHELLS;10004.0;2
93200;Remy;Valentina;AMETHYSTS;SEASHELLS;10005.0;2
93200;Amelia;Valentina;AMETHYSTS;SEASHELLS;10004.0;10
93200;Remy;Valentina;STARFRUIT;SEASHELLS;5061.0;2
93200;Rhianna;Valentina;AMETHYSTS;SEASHELLS;10002.0;3
93300;Remy;Vladimir;AMETHYSTS;SEASHELLS;10002.0;1
93700;Remy;Vladimir;STARFRUIT;SEASHELLS;5061.0;1
94000;Remy;Valentina;STARFRUIT;SEASHELLS;5062.0;1
94400;Vladimir;Remy;AMETHYSTS;SEASHELLS;9998.0;1
94400;Valentina;Adam;STARFRUIT;SEASHELLS;5058.0;9
94700;Ruby;Valentina;STARFRUIT;SEASHELLS;5064.0;10
94700;Amelia;Valentina;STARFRUIT;SEASHELLS;5064.0;10
94700;Ruby;Valentina;STARFRUIT;SEASHELLS;5064.0;4
95500;Vladimir;Remy;AMETHYSTS;SEASHELLS;9998.0;1
95700;Valentina;Remy;AMETHYSTS;SEASHELLS;9998.0;1
95800;Vinnie;Remy;AMETHYSTS;SEASHELLS;9996.0;2
95800;Valentina;Remy;STARFRUIT;SEASHELLS;5056.0;2
95800;Valentina;Remy;AMETHYSTS;SEASHELLS;9998.0;1
96600;Rhianna;Valentina;AMETHYSTS;SEASHELLS;10002.0;1
96600;Vladimir;Remy;STARFRUIT;SEASHELLS;5056.0;1
96900;Remy;Valentina;STARFRUIT;SEASHELLS;5060.0;1
97100;Remy;Vladimir;STARFRUIT;SEASHELLS;5059.0;1
97100;Remy;Vinnie;AMETHYSTS;SEASHELLS;10004.0;1
97200;Vinnie;Amelia;STARFRUIT;SEASHELLS;5054.0;2
97800;Remy;Valentina;STARFRUIT;SEASHELLS;5059.0;1
97800;Remy;Valentina;AMETHYSTS;SEASHELLS;10005.0;1
98700;Remy;Vinnie;AMETHYSTS;SEASHELLS;10004.0;2
98700;Remy;Vladimir;STARFRUIT;SEASHELLS;5057.0;2
98800;Valentina;Remy;STARFRUIT;SEASHELLS;5052.0;2
98800;Valentina;Remy;AMETHYSTS;SEASHELLS;9996.0;1
98800;Valentina;Rhianna;AMETHYSTS;SEASHELLS;9998.0;1
98800;Vinnie;Remy;AMETHYSTS;SEASHELLS;9996.0;1
98900;Rhianna;Valentina;STARFRUIT;SEASHELLS;5055.0;4
99400;Remy;Vladimir;STARFRUIT;SEASHELLS;5055.0;1
99800;Vladimir;Remy;AMETHYSTS;SEASHELLS;9998.0;1
99800;Vinnie;Remy;STARFRUIT;SEASHELLS;5051.0;1
99800;Valentina;Rhianna;STARFRUIT;SEASHELLS;5052.0;3
100100;Valentina;Remy;STARFRUIT;SEASHELLS;5050.0;1
100400;Vladimir;Remy;STARFRUIT;SEASHELLS;5050.0;1
100400;Vladimir;Adam;AMETHYSTS;SEASHELLS;9998.0;1
100600;Valentina;Remy;AMETHYSTS;SEASHELLS;9998.0;1
100600;Remy;Valentina;STARFRUIT;SEASHELLS;5054.0;1
100900;Ruby;Vladimir;AMETHYSTS;SEASHELLS;10002.0;1
101100;Adam;Valentina;STARFRUIT;SEASHELLS;5053.0;10
101100;Remy;Valentina;STARFRUIT;SEASHELLS;5053.0;1
101700;Vladimir;Remy;STARFRUIT;SEASHELLS;5046.0;1
101700;Remy;Valentina;AMETHYSTS;SEASHELLS;10002.0;1
101900;Ruby;Adam;STARFRUIT;SEASHELLS;5046.0;6
101900;Vinnie;Adam;STARFRUIT;SEASHELLS;5046.0;2
102300;Remy;Valentina;AMETHYSTS;SEASHELLS;10005.0;1
102300;Remy;Remy;STARFRUIT;SEASHELLS;5046.0;1
102400;Valentina;Rhianna;STARFRUIT;SEASHELLS;5047.0;5
102600;Vladimir;Remy;AMETHYSTS;SEASHELLS;9998.0;1
102600;Valentina;Amelia;STARFRUIT;SEASHELLS;5047.0;14
102900;Remy;Valentina;STARFRUIT;SEASHELLS;5052.0;1
103100;Valentina;Vinnie;STARFRUIT;SEASHELLS;5049.0;6
103700;Valentina;Remy;AMETHYSTS;SEASHELLS;9998.0;1
103900;Vladimir;Remy;AMETHYSTS;SEASHELLS;9998.0;1
104000;Valentina;Rhianna;AMETHYSTS;SEASHELLS;9998.0;2
104800;Vladimir;Rhianna;AMETHYSTS;SEASHELLS;9998.0;2
105000;Valentina;Ruby;AMETHYSTS;SEASHELLS;9995.0;5
105500;Vinnie;Remy;STARFRUIT;SEASHELLS;5049.0;1
105700;Vinnie;Rhianna;AMETHYSTS;SEASHELLS;9998.0;3
105800;Valentina;Rhianna;STARFRUIT;SEASHELLS;5050.0;5
106100;Remy;Vladimir;AMETHYSTS;SEASHELLS;10002.0;1
106300;Valentina;Remy;STARFRUIT;SEASHELLS;5047.0;1
106400;Valentina;Amelia;STARFRUIT;SEASHELLS;5047.0;12
106400;Valentina;Remy;STARFRUIT;SEASHELLS;5047.0;1
106500;Remy;Valentina;AMETHYSTS;SEASHELLS;10005.0;1
106500;Remy;Valentina;STARFRUIT;SEASHELLS;5053.0;1
106800;Vinnie;Remy;STARFRUIT;SEASHELLS;5046.0;1
106800;Vladimir;Remy;AMETHYSTS;SEASHELLS;9998.0;1
107600;Valentina;Remy;STARFRUIT;SEASHELLS;5047.0;1
107800;Valentina;Remy;STARFRUIT;SEASHELLS;5046.0;1
107800;Vinnie;Remy;AMETHYSTS;SEASHELLS;9996.0;1
107900;Remy;Valentina;STARFRUIT;SEASHELLS;5051.0;1
108000;Vladimir;Ruby;STARFRUIT;SEASHELLS;5047.0;5
108300;Adam;Remy;AMETHYSTS;SEASHELLS;9998.0;1
108600;Valentina;Rhianna;AMETHYSTS;SEASHELLS;9998.0;1
108600;Vinnie;Rhianna;AMETHYSTS;SEASHELLS;9998.0;4
108800;Remy;Vinnie;STARFRUIT;SEASHELLS;5052.0;2
108800;Remy;Valentina;STARFRUIT;SEASHELLS;5051.0;1
108800;Remy;Vinnie;AMETHYSTS;SEASHELLS;10004.0;2
108900;Valentina;Ruby;AMETHYSTS;SEASHELLS;9996.0;5
108900;Vinnie;Ruby;AMETHYSTS;SEASHELLS;9996.0;1
109000;Vinnie;Ruby;STARFRUIT;SEASHELLS;5046.0;1
109100;Rhianna;Vladimir;STARFRUIT;SEASHELLS;5050.0;5
109200;Adam;Valentina;STARFRUIT;SEASHELLS;5050.0;9
109600;Valentina;Remy;STARFRUIT;SEASHELLS;5045.0;1
109700;Remy;Vinnie;AMETHYSTS;SEASHELLS;10004.0;1
109700;Remy;Vinnie;STARFRUIT;SEASHELLS;5051.0;1
110200;Valentina;Remy;STARFRUIT;SEASHELLS;5044.0;1
110500;Valentina;Amelia;STARFRUIT;SEASHELLS;5044.0;9
110600;Valentina;Remy;AMETHYSTS;SEASHELLS;9998.0;1
110700;Remy;Valentina;AMETHYSTS;SEASHELLS;10002.0;1
111000;Adam;Valentina;STARFRUIT;SEASHELLS;5049.0;7
111100;Vladimir;Remy;STARFRUIT;SEASHELLS;5044.0;1
111200;Remy;Rhianna;STARFRUIT;SEASHELLS;5044.0;1
111300;Vinnie;Remy;STARFRUIT;SEASHELLS;5043.0;1
111800;Remy;Vinnie;AMETHYSTS;SEASHELLS;10004.0;1
111800;Remy;Vinnie;STARFRUIT;SEASHELLS;5049.0;1
112000;Rhianna;Vladimir;STARFRUIT;SEASHELLS;5048.0;2
112300;Vladimir;Remy;STARFRUIT;SEASHELLS;5043.0;1
112800;Rhianna;Valentina;STARFRUIT;SEASHELLS;5047.0;4
113500;Remy;Valentina;STARFRUIT;SEASHELLS;5048.0;1
113900;Remy;Vladimir;AMETHYSTS;SEASHELLS;10002.0;1
114300;Remy;Vladimir;STARFRUIT;SEASHELLS;5046.0;1
114300;Remy;Vinnie;AMETHYSTS;SEASHELLS;10004.0;1
114500;Vinnie;Remy;STARFRUIT;SEASHELLS;5042.0;1
114500;Valentina;Amelia;AMETHYSTS;SEASHELLS;9996.0;9
114500;Vinnie;Amelia;AMETHYSTS;SEASHELLS;9996.0;2
114600;Ruby;Valentina;STARFRUIT;SEASHELLS;5048.0;4
115100;Adam;Remy;STARFRUIT;SEASHELLS;5041.0;1
115100;Adam;Valentina;STARFRUIT;SEASHELLS;5046.0;7
116100;Remy;Vladimir;STARFRUIT;SEASHELLS;5046.0;1
116100;Remy;Valentina;AMETHYSTS;SEASHELLS;10005.0;1
116300;Vinnie;Ruby;AMETHYSTS;SEASHELLS;9996.0;2
116400;Remy;Vinnie;STARFRUIT;SEASHELLS;5047.0;2
116400;Remy;Remy;AMETHYSTS;SEASHELLS;9998.0;1
116600;Vladimir;Remy;STARFRUIT;SEASHELLS;5042.0;1
116600;Valentina;Adam;STARFRUIT;SEASHELLS;5042.0;5
116600;Valentina;Remy;STARFRUIT;SEASHELLS;5042.0;0
116600;Valentina;Rhianna;STARFRUIT;SEASHELLS;5043.0;3
116600;Vladimir;Adam;STARFRUIT;SEASHELLS;5042.0;3
116600;Valentina;Adam;STARFRUIT;SEASHELLS;5042.0;0
116800;Valentina;Remy;STARFRUIT;SEASHELLS;5040.0;2
116800;Valentina;Remy;AMETHYSTS;SEASHELLS;9995.0;2
116900;Valentina;Rhianna;STARFRUIT;SEASHELLS;5041.0;4
117100;Remy;Vladimir;STARFRUIT;SEASHELLS;5045.0;1
117300;Remy;Adam;STARFRUIT;SEASHELLS;5046.0;1
117300;Valentina;Adam;STARFRUIT;SEASHELLS;5041.0;8
117500;Rhianna;Vladimir;AMETHYSTS;SEASHELLS;10002.0;2
117800;Valentina;Rhianna;STARFRUIT;SEASHELLS;5042.0;3
117900;Valentina;Remy;AMETHYSTS;SEASHELLS;9998.0;1
118100;Remy;Vladimir;STARFRUIT;SEASHELLS;5046.0;1
118100;Remy;Valentina;AMETHYSTS;SEASHELLS;10005.0;2
118200;Rhianna;Valentina;STARFRUIT;SEASHELLS;5045.0;4
118200;Remy;Valentina;STARFRUIT;SEASHELLS;5047.0;1
118200;Remy;Vinnie;STARFRUIT;SEASHELLS;5047.0;1
118200;Remy;Vladimir;AMETHYSTS;SEASHELLS;10002.0;2
118300;Rhianna;Vladimir;AMETHYSTS;SEASHELLS;10002.0;3
118300;Valentina;Ruby;STARFRUIT;SEASHELLS;5040.0;4
119000;Valentina;Ruby;AMETHYSTS;SEASHELLS;9996.0;4
119000;Vinnie;Ruby;AMETHYSTS;SEASHELLS;9996.0;1
119000;Valentina;Rhianna;AMETHYSTS;SEASHELLS;9998.0;1
119100;Remy;Valentina;AMETHYSTS;SEASHELLS;10002.0;1
119200;Vinnie;Remy;AMETHYSTS;SEASHELLS;9996.0;1
119200;Vinnie;Remy;STARFRUIT;SEASHELLS;5042.0;1
119200;Valentina;Remy;AMETHYSTS;SEASHELLS;9996.0;1
119200;Valentina;Remy;STARFRUIT;SEASHELLS;5042.0;1
119800;Vladimir;Remy;STARFRUIT;SEASHELLS;5042.0;1
119900;Remy;Vladimir;STARFRUIT;SEASHELLS;5048.0;1
120100;Adam;Vladimir;STARFRUIT;SEASHELLS;5047.0;4
120100;Adam;Valentina;STARFRUIT;SEASHELLS;5047.0;6
120200;Rhianna;Remy;AMETHYSTS;SEASHELLS;10002.0;1
120200;Valentina;Remy;STARFRUIT;SEASHELLS;5042.0;1
120900;Rhianna;Vladimir;AMETHYSTS;SEASHELLS;10002.0;2
121000;Remy;Vinnie;AMETHYSTS;SEASHELLS;10004.0;1
121000;Remy;Valentina;STARFRUIT;SEASHELLS;5050.0;1
121300;Amelia;Vinnie;AMETHYSTS;SEASHELLS;10004.0;1
121300;Amelia;Remy;STARFRUIT;SEASHELLS;5045.0;1
121600;Remy;Valentina;STARFRUIT;SEASHELLS;5050.0;1
121600;Remy;Valentina;STARFRUIT;SEASHELLS;5052.0;2
121600;Remy;Vladimir;AMETHYSTS;SEASHELLS;10002.0;2
121700;Remy;Valentina;STARFRUIT;SEASHELLS;5050.0;1
121800;Valentina;Remy;AMETHYSTS;SEASHELLS;9995.0;1
121800;Valentina;Remy;STARFRUIT;SEASHELLS;5044.0;1
122200;Valentina;Remy;STARFRUIT;SEASHELLS;5046.0;1
122200;Vinnie;Remy;AMETHYSTS;SEASHELLS;9996.0;1
122500;Remy;Valentina;STARFRUIT;SEASHELLS;5054.0;2
122500;Remy;Vinnie;AMETHYSTS;SEASHELLS;10004.0;2
122500;Ruby;Valentina;AMETHYSTS;SEASHELLS;10002.0;2
122500;Ruby;Vladimir;AMETHYSTS;SEASHELLS;10002.0;6
122600;Vladimir;Ruby;AMETHYSTS;SEASHELLS;9998.0;4
122700;Rhianna;Valentina;AMETHYSTS;SEASHELLS;10002.0;5
122800;Valentina;Remy;STARFRUIT;SEASHELLS;5048.0;1
123100;Rhianna;Valentina;AMETHYSTS;SEASHELLS;10002.0;1
123200;Rhianna;Remy;STARFRUIT;SEASHELLS;5052.0;1
123200;Rhianna;Vladimir;STARFRUIT;SEASHELLS;5052.0;3
123500;Vladimir;Remy;STARFRUIT;SEASHELLS;5046.0;1
123500;Vladimir;Rhianna;AMETHYSTS;SEASHELLS;9998.0;2
123700;Vinnie;Remy;AMETHYSTS;SEASHELLS;9996.0;1
123700;Valentina;Remy;STARFRUIT;SEASHELLS;5046.0;1
123900;Valentina;Remy;STARFRUIT;SEASHELLS;5046.0;1
123900;Vladimir;Rhianna;AMETHYSTS;SEASHELLS;9998.0;1
124000;Remy;Valentina;AMETHYSTS;SEASHELLS;10002.0;1
124200;Valentina;Rhianna;AMETHYSTS;SEASHELLS;9998.0;5
124200;Rhianna;Valentina;STARFRUIT;SEASHELLS;5050.0;4
125200;Remy;Valentina;STARFRUIT;SEASHELLS;5055.0;1
125400;Remy;Valentina;STARFRUIT;SEASHELLS;5057.0;1
125400;Remy;Vinnie;AMETHYSTS;SEASHELLS;10004.0;1
125900;Vinnie;Remy;STARFRUIT;SEASHELLS;5050.0;1
125900;Vinnie;Remy;AMETHYSTS;SEASHELLS;9998.0;1
126200;Valentina;Remy;STARFRUIT;SEASHELLS;5049.0;1
126400;Remy;Vinnie;STARFRUIT;SEASHELLS;5056.0;1
126400;Remy;Rhianna;AMETHYSTS;SEASHELLS;9998.0;2
126600;Valentina;Remy;STARFRUIT;SEASHELLS;5050.0;1
126700;Valentina;Rhianna;AMETHYSTS;SEASHELLS;9998.0;1
126700;Valentina;Remy;AMETHYSTS;SEASHELLS;9998.0;1
126900;Remy;Valentina;STARFRUIT;SEASHELLS;5055.0;1
126900;Remy;Vladimir;AMETHYSTS;SEASHELLS;10002.0;1
127000;Rhianna;Remy;AMETHYSTS;SEASHELLS;10002.0;1
127000;Rhianna;Valentina;AMETHYSTS;SEASHELLS;10002.0;2
127100;Valentina;Remy;AMETHYSTS;SEASHELLS;9998.0;1
127500;Remy;Vinnie;STARFRUIT;SEASHELLS;5055.0;2
127500;Remy;Vladimir;AMETHYSTS;SEASHELLS;10002.0;1
127500;Remy;Vladimir;AMETHYSTS;SEASHELLS;10002.0;2
127800;Valentina;Vinnie;STARFRUIT;SEASHELLS;5050.0;5
128000;Rhianna;Ruby;AMETHYSTS;SEASHELLS;10002.0;2
128100;Valentina;Vinnie;STARFRUIT;SEASHELLS;5050.0;2
128400;Remy;Remy;AMETHYSTS;SEASHELLS;10002.0;1
128400;Vladimir;Remy;STARFRUIT;SEASHELLS;5049.0;2
128800;Amelia;Valentina;STARFRUIT;SEASHELLS;5054.0;8
129000;Vladimir;Remy;STARFRUIT;SEASHELLS;5047.0;1
129200;Valentina;Remy;STARFRUIT;SEASHELLS;5049.0;1
129400;Ruby;Valentina;STARFRUIT;SEASHELLS;5056.0;4
129400;Valentina;Remy;AMETHYSTS;SEASHELLS;9998.0;1
129500;Valentina;Remy;AMETHYSTS;SEASHELLS;9998.0;1
129700;Valentina;Vinnie;STARFRUIT;SEASHELLS;5051.0;2
129800;Remy;Valentina;AMETHYSTS;SEASHELLS;10005.0;2
129800;Remy;Valentina;STARFRUIT;SEASHELLS;5055.0;2
130100;Remy;Ruby;STARFRUIT;SEASHELLS;5055.0;1
130300;Ruby;Valentina;AMETHYSTS;SEASHELLS;10005.0;2
130400;Vinnie;Rhianna;STARFRUIT;SEASHELLS;5050.0;3
130400;Remy;Vinnie;AMETHYSTS;SEASHELLS;10004.0;1
130400;Remy;Valentina;STARFRUIT;SEASHELLS;5056.0;1
130700;Valentina;Ruby;STARFRUIT;SEASHELLS;5050.0;8
130700;Vladimir;Ruby;STARFRUIT;SEASHELLS;5050.0;3
130900;Valentina;Remy;STARFRUIT;SEASHELLS;5049.0;1
131100;Remy;Rhianna;STARFRUIT;SEASHELLS;5051.0;1
131200;Vinnie;Remy;STARFRUIT;SEASHELLS;5050.0;1
131500;Valentina;Remy;STARFRUIT;SEASHELLS;5049.0;2
131500;Vinnie;Remy;AMETHYSTS;SEASHELLS;9996.0;1
131900;Valentina;Remy;AMETHYSTS;SEASHELLS;9996.0;1
131900;Vinnie;Remy;AMETHYSTS;SEASHELLS;9996.0;1
131900;Vladimir;Remy;STARFRUIT;SEASHELLS;5051.0;2
132100;Remy;Valentina;AMETHYSTS;SEASHELLS;10002.0;1
132200;Remy;Vinnie;STARFRUIT;SEASHELLS;5055.0;1
132200;Remy;Vinnie;AMETHYSTS;SEASHELLS;10004.0;1
132300;Rhianna;Valentina;STARFRUIT;SEASHELLS;5053.0;2
132300;Valentina;Rhianna;AMETHYSTS;SEASHELLS;9998.0;2
132300;Rhianna;Remy;STARFRUIT;SEASHELLS;5053.0;1
132300;Valentina;Remy;AMETHYSTS;SEASHELLS;9998.0;1
132300;Valentina;Remy;AMETHYSTS;SEASHELLS;9995.0;1
132600;Vladimir;Remy;AMETHYSTS;SEASHELLS;9998.0;1
132600;Valentina;Remy;STARFRUIT;SEASHELLS;5050.0;1
132800;Vladimir;Remy;STARFRUIT;SEASHELLS;5051.0;1
132900;Remy;Vladimir;STARFRUIT;SEASHELLS;5055.0;1
133000;Vladimir;Rhianna;AMETHYSTS;SEASHELLS;9998.0;2
133200;Remy;Valentina;STARFRUIT;SEASHELLS;5056.0;1
133500;Vladimir;Ruby;AMETHYSTS;SEASHELLS;9998.0;3
133500;Amelia;Valentina;AMETHYSTS;SEASHELLS;10005.0;8
133600;Amelia;Remy;STARFRUIT;SEASHELLS;5052.0;1
134000;Vinnie;Remy;STARFRUIT;SEASHELLS;5051.0;1
134500;Remy;Valentina;STARFRUIT;SEASHELLS;5056.0;1
134700;Vladimir;Remy;AMETHYSTS;SEASHELLS;9998.0;1
134800;Valentina;Ruby;STARFRUIT;SEASHELLS;5052.0;13
134900;Valentina;Ruby;STARFRUIT;SEASHELLS;5052.0;4
135600;Ruby;Valentina;STARFRUIT;SEASHELLS;5059.0;5
135800;Remy;Vladimir;STARFRUIT;SEASHELLS;5058.0;1
136100;Valentina;Remy;STARFRUIT;SEASHELLS;5054.0;1
136500;Valentina;Remy;STARFRUIT;SEASHELLS;5053.0;1
137000;Remy;Valentina;AMETHYSTS;SEASHELLS;10002.0;1
137100;Vinnie;Remy;STARFRUIT;SEASHELLS;5053.0;1
137200;Valentina;Rhianna;STARFRUIT;SEASHELLS;5054.0;5
137400;Valentina;Remy;STARFRUIT;SEASHELLS;5052.0;1
137400;Valentina;Remy;AMETHYSTS;SEASHELLS;9995.0;1
137700;Vladimir;Remy;STARFRUIT;SEASHELLS;5053.0;2
137700;Vinnie;Remy;AMETHYSTS;SEASHELLS;9996.0;2
137800;Vinnie;Remy;AMETHYSTS;SEASHELLS;9996.0;2
137800;Valentina;Remy;STARFRUIT;SEASHELLS;5052.0;2
138200;Remy;Valentina;STARFRUIT;SEASHELLS;5058.0;1
138200;Valentina;Remy;AMETHYSTS;SEASHELLS;9998.0;1
138300;Valentina;Remy;STARFRUIT;SEASHELLS;5053.0;1
138600;Vinnie;Remy;STARFRUIT;SEASHELLS;5053.0;1
138600;Remy;Valentina;STARFRUIT;SEASHELLS;5059.0;1
138600;Remy;Vinnie;AMETHYSTS;SEASHELLS;10004.0;1
139300;Remy;Valentina;STARFRUIT;SEASHELLS;5059.0;1
139400;Amelia;Valentina;STARFRUIT;SEASHELLS;5060.0;10
139400;Vinnie;Ruby;AMETHYSTS;SEASHELLS;9996.0;1
140500;Valentina;Remy;AMETHYSTS;SEASHELLS;9998.0;1
140600;Valentina;Remy;STARFRUIT;SEASHELLS;5053.0;1
141400;Valentina;Amelia;AMETHYSTS;SEASHELLS;9995.0;10
141500;Valentina;Remy;STARFRUIT;SEASHELLS;5052.0;1
141600;Rhianna;Vladimir;AMETHYSTS;SEASHELLS;10002.0;2
141600;Rhianna;Valentina;STARFRUIT;SEASHELLS;5057.0;4
141600;Rhianna;Remy;AMETHYSTS;SEASHELLS;10002.0;1
142000;Valentina;Ruby;STARFRUIT;SEASHELLS;5053.0;9
142100;Remy;Valentina;STARFRUIT;SEASHELLS;5059.0;1
142200;Valentina;Remy;STARFRUIT;SEASHELLS;5054.0;1
142500;Valentina;Remy;AMETHYSTS;SEASHELLS;9998.0;1
143300;Vladimir;Remy;AMETHYSTS;SEASHELLS;9998.0;1
143600;Valentina;Rhianna;STARFRUIT;SEASHELLS;5054.0;3
143800;Vladimir;Remy;STARFRUIT;SEASHELLS;5052.0;1
143900;Vinnie;Remy;AMETHYSTS;SEASHELLS;9998.0;1
143900;Vinnie;Remy;STARFRUIT;SEASHELLS;5052.0;1
144100;Remy;Valentina;STARFRUIT;SEASHELLS;5057.0;1
144400;Vladimir;Remy;STARFRUIT;SEASHELLS;5053.0;1
144500;Amelia;Vinnie;AMETHYSTS;SEASHELLS;10004.0;2
144500;Amelia;Valentina;AMETHYSTS;SEASHELLS;10004.0;10
144600;Vladimir;Remy;STARFRUIT;SEASHELLS;5053.0;2
144600;Vladimir;Remy;AMETHYSTS;SEASHELLS;9998.0;2
144800;Remy;Valentina;AMETHYSTS;SEASHELLS;10002.0;1
145100;Remy;Valentina;STARFRUIT;SEASHELLS;5058.0;1
145100;Remy;Valentina;AMETHYSTS;SEASHELLS;10005.0;1
145100;Vladimir;Ruby;AMETHYSTS;SEASHELLS;9998.0;6
145600;Remy;Vladimir;STARFRUIT;SEASHELLS;5056.0;1
145600;Remy;Vladimir;AMETHYSTS;SEASHELLS;10002.0;1
145900;Rhianna;Remy;AMETHYSTS;SEASHELLS;10002.0;2
145900;Vladimir;Remy;STARFRUIT;SEASHELLS;5052.0;2
146400;Vladimir;Remy;AMETHYSTS;SEASHELLS;9998.0;1
146400;Vladimir;Remy;STARFRUIT;SEASHELLS;5051.0;1
146400;Vladimir;Rhianna;STARFRUIT;SEASHELLS;5052.0;1
147000;Remy;Valentina;AMETHYSTS;SEASHELLS;10002.0;1
147000;Remy;Valentina;STARFRUIT;SEASHELLS;5058.0;2
147000;Remy;Vinnie;AMETHYSTS;SEASHELLS;10004.0;1
147000;Remy;Valentina;STARFRUIT;SEASHELLS;5056.0;1
147000;Remy;Valentina;AMETHYSTS;SEASHELLS;10004.0;1
147200;Remy;Valentina;STARFRUIT;SEASHELLS;5057.0;1
147400;Valentina;Remy;STARFRUIT;SEASHELLS;5051.0;1
147500;Remy;Vladimir;STARFRUIT;SEASHELLS;5056.0;1
148200;Remy;Valentina;STARFRUIT;SEASHELLS;5058.0;2
148200;Valentina;Rhianna;AMETHYSTS;SEASHELLS;9998.0;2
148200;Remy;Rhianna;AMETHYSTS;SEASHELLS;9998.0;1
148200;Remy;Rhianna;AMETHYSTS;SEASHELLS;9998.0;2
148200;Remy;Valentina;STARFRUIT;SEASHELLS;5056.0;1
148700;Valentina;Remy;AMETHYSTS;SEASHELLS;9995.0;2
148700;Remy;Remy;STARFRUIT;SEASHELLS;5056.0;1
148700;Ruby;Valentina;AMETHYSTS;SEASHELLS;10005.0;5
148900;Rhianna;Valentina;STARFRUIT;SEASHELLS;5055.0;3
149000;Valentina;Remy;STARFRUIT;SEASHELLS;5051.0;1
149000;Remy;Vladimir;AMETHYSTS;SEASHELLS;10002.0;1
149100;Valentina;Remy;STARFRUIT;SEASHELLS;5051.0;1
149500;Valentina;Remy;STARFRUIT;SEASHELLS;5054.0;1
150300;Remy;Valentina;AMETHYSTS;SEASHELLS;10002.0;1
150600;Remy;Valentina;AMETHYSTS;SEASHELLS;10002.0;1
151100;Rhianna;Vladimir;AMETHYSTS;SEASHELLS;10002.0;5
151200;Amelia;Vinnie;AMETHYSTS;SEASHELLS;10004.0;2
151500;Remy;Valentina;STARFRUIT;SEASHELLS;5058.0;1
151500;Amelia;Valentina;STARFRUIT;SEASHELLS;5058.0;12
151500;Remy;Vinnie;AMETHYSTS;SEASHELLS;10004.0;1
151600;Valentina;Remy;AMETHYSTS;SEASHELLS;9995.0;1
151600;Vinnie;Ruby;AMETHYSTS;SEASHELLS;9996.0;1
151600;Rhianna;Remy;STARFRUIT;SEASHELLS;5056.0;1
152100;Remy;Valentina;STARFRUIT;SEASHELLS;5057.0;1
152100;Remy;Valentina;AMETHYSTS;SEASHELLS;10002.0;1
152400;Valentina;Remy;AMETHYSTS;SEASHELLS;9998.0;1
152600;Vladimir;Remy;AMETHYSTS;SEASHELLS;9998.0;1
152700;Vinnie;Ruby;AMETHYSTS;SEASHELLS;9996.0;1
152800;Remy;Vladimir;STARFRUIT;SEASHELLS;5056.0;1
153000;Valentina;Remy;AMETHYSTS;SEASHELLS;9998.0;1
153200;Rhianna;Valentina;AMETHYSTS;SEASHELLS;10002.0;2
153300;Valentina;Remy;AMETHYSTS;SEASHELLS;9998.0;1
153500;Valentina;Remy;STARFRUIT;SEASHELLS;5051.0;1
153600;Valentina;Remy;STARFRUIT;SEASHELLS;5051.0;1
154000;Remy;Valentina;STARFRUIT;SEASHELLS;5057.0;1
154200;Vinnie;Remy;AMETHYSTS;SEASHELLS;9996.0;1
154200;Vinnie;Remy;STARFRUIT;SEASHELLS;5052.0;1
154200;Valentina;Remy;AMETHYSTS;SEASHELLS;9996.0;1
154200;Valentina;Remy;STARFRUIT;SEASHELLS;5052.0;1
154900;Rhianna;Ruby;STARFRUIT;SEASHELLS;5055.0;3
155100;Ruby;Valentina;STARFRUIT;SEASHELLS;5057.0;6
155100;Vladimir;Remy;STARFRUIT;SEASHELLS;5051.0;1
155200;Remy;Valentina;STARFRUIT;SEASHELLS;5057.0;1
155200;Vladimir;Remy;STARFRUIT;SEASHELLS;5050.0;1
155200;Remy;Vinnie;AMETHYSTS;SEASHELLS;10004.0;1
155300;Valentina;Rhianna;AMETHYSTS;SEASHELLS;9998.0;3
155600;Valentina;Remy;STARFRUIT;SEASHELLS;5048.0;1
156000;Ruby;Valentina;STARFRUIT;SEASHELLS;5057.0;7
156100;Remy;Valentina;AMETHYSTS;SEASHELLS;10002.0;1
156400;Rhianna;Valentina;STARFRUIT;SEASHELLS;5054.0;5
156400;Amelia;Valentina;STARFRUIT;SEASHELLS;5056.0;15
156400;Valentina;Ruby;AMETHYSTS;SEASHELLS;9998.0;1
156400;Vladimir;Ruby;AMETHYSTS;SEASHELLS;9998.0;2
156800;Adam;Valentina;STARFRUIT;SEASHELLS;5054.0;5
156800;Vladimir;Remy;AMETHYSTS;SEASHELLS;9998.0;1
156800;Adam;Remy;STARFRUIT;SEASHELLS;5054.0;2
156800;Valentina;Remy;AMETHYSTS;SEASHELLS;9998.0;1
156900;Remy;Remy;AMETHYSTS;SEASHELLS;9998.0;1
156900;Remy;Valentina;STARFRUIT;SEASHELLS;5055.0;1
157100;Remy;Vladimir;AMETHYSTS;SEASHELLS;10002.0;1
157400;Amelia;Valentina;STARFRUIT;SEASHELLS;5055.0;8
157400;Amelia;Remy;STARFRUIT;SEASHELLS;5055.0;1
157400;Valentina;Remy;STARFRUIT;SEASHELLS;5049.0;1
157400;Vinnie;Remy;AMETHYSTS;SEASHELLS;9996.0;1
157400;Amelia;Vinnie;STARFRUIT;SEASHELLS;5055.0;2
157600;Ruby;Valentina;STARFRUIT;SEASHELLS;5056.0;10
157700;Valentina;Ruby;STARFRUIT;SEASHELLS;5048.0;14
157800;Remy;Vladimir;AMETHYSTS;SEASHELLS;10002.0;1
158300;Vladimir;Remy;AMETHYSTS;SEASHELLS;9998.0;1
158400;Remy;Valentina;STARFRUIT;SEASHELLS;5054.0;2
158400;Remy;Vinnie;AMETHYSTS;SEASHELLS;10004.0;1
158700;Remy;Vladimir;STARFRUIT;SEASHELLS;5053.0;1
158700;Valentina;Remy;AMETHYSTS;SEASHELLS;9998.0;1
159000;Remy;Vladimir;STARFRUIT;SEASHELLS;5052.0;1
159200;Vladimir;Remy;STARFRUIT;SEASHELLS;5048.0;1
159300;Valentina;Remy;STARFRUIT;SEASHELLS;5049.0;1
159400;Remy;Vladimir;STARFRUIT;SEASHELLS;5054.0;1
159400;Valentina;Remy;AMETHYSTS;SEASHELLS;9998.0;1
159500;Remy;Remy;STARFRUIT;SEASHELLS;5053.0;1
159500;Valentina;Remy;AMETHYSTS;SEASHELLS;9995.0;1
159700;Ruby;Valentina;STARFRUIT;SEASHELLS;5055.0;4
160000;Amelia;Valentina;AMETHYSTS;SEASHELLS;10005.0;12
160700;Valentina;Rhianna;STARFRUIT;SEASHELLS;5048.0;4
161000;Vinnie;Remy;AMETHYSTS;SEASHELLS;9996.0;2
161000;Vladimir;Remy;STARFRUIT;SEASHELLS;5046.0;1
161000;Vladimir;Remy;STARFRUIT;SEASHELLS;5046.0;2
161500;Remy;Vladimir;STARFRUIT;SEASHELLS;5050.0;1
161600;Remy;Amelia;AMETHYSTS;SEASHELLS;10002.0;1
163100;Amelia;Vladimir;STARFRUIT;SEASHELLS;5050.0;6
163100;Amelia;Valentina;STARFRUIT;SEASHELLS;5050.0;5
163100;Valentina;Remy;STARFRUIT;SEASHELLS;5045.0;1
163400;Remy;Valentina;STARFRUIT;SEASHELLS;5052.0;2
163400;Remy;Vinnie;AMETHYSTS;SEASHELLS;10004.0;1
163400;Rhianna;Valentina;STARFRUIT;SEASHELLS;5049.0;4
163400;Remy;Valentina;AMETHYSTS;SEASHELLS;10004.0;1
163900;Amelia;Vinnie;AMETHYSTS;SEASHELLS;10004.0;2
164000;Remy;Vladimir;STARFRUIT;SEASHELLS;5050.0;1
164000;Rhianna;Vladimir;STARFRUIT;SEASHELLS;5049.0;2
164200;Ruby;Valentina;STARFRUIT;SEASHELLS;5052.0;14
164400;Remy;Vladimir;STARFRUIT;SEASHELLS;5049.0;1
164600;Valentina;Remy;AMETHYSTS;SEASHELLS;9998.0;1
164800;Ruby;Vinnie;AMETHYSTS;SEASHELLS;10004.0;1
164800;Ruby;Valentina;AMETHYSTS;SEASHELLS;10004.0;3
164900;Remy;Valentina;AMETHYSTS;SEASHELLS;10005.0;1
164900;Remy;Valentina;STARFRUIT;SEASHELLS;5050.0;1
164900;Valentina;Ruby;STARFRUIT;SEASHELLS;5043.0;8
165600;Valentina;Vinnie;STARFRUIT;SEASHELLS;5048.0;3
165700;Remy;Valentina;STARFRUIT;SEASHELLS;5050.0;1
165800;Valentina;Remy;STARFRUIT;SEASHELLS;5045.0;1
165800;Remy;Vinnie;STARFRUIT;SEASHELLS;5051.0;1
165800;Remy;Vinnie;AMETHYSTS;SEASHELLS;10004.0;1
165900;Vinnie;Amelia;AMETHYSTS;SEASHELLS;9996.0;1
166000;Rhianna;Valentina;STARFRUIT;SEASHELLS;5049.0;4
166200;Remy;Valentina;AMETHYSTS;SEASHELLS;10002.0;1
166500;Valentina;Remy;STARFRUIT;SEASHELLS;5045.0;1
167100;Vinnie;Remy;AMETHYSTS;SEASHELLS;9996.0;2
167100;Vladimir;Remy;STARFRUIT;SEASHELLS;5046.0;2
167400;Remy;Vladimir;STARFRUIT;SEASHELLS;5052.0;1
167800;Valentina;Ruby;STARFRUIT;SEASHELLS;5047.0;7
168200;Remy;Valentina;AMETHYSTS;SEASHELLS;10005.0;2
168200;Remy;Vladimir;STARFRUIT;SEASHELLS;5052.0;2
168200;Valentina;Ruby;STARFRUIT;SEASHELLS;5047.0;14
168400;Amelia;Vinnie;AMETHYSTS;SEASHELLS;10004.0;1
168400;Amelia;Valentina;AMETHYSTS;SEASHELLS;10004.0;9
168400;Vladimir;Rhianna;AMETHYSTS;SEASHELLS;9998.0;3
168700;Ruby;Valentina;STARFRUIT;SEASHELLS;5052.0;11
169000;Valentina;Adam;STARFRUIT;SEASHELLS;5048.0;10
169000;Valentina;Remy;AMETHYSTS;SEASHELLS;9998.0;1
169200;Valentina;Remy;AMETHYSTS;SEASHELLS;9995.0;2
169200;Valentina;Remy;STARFRUIT;SEASHELLS;5047.0;2
169900;Vladimir;Rhianna;AMETHYSTS;SEASHELLS;9998.0;2
170000;Valentina;Rhianna;AMETHYSTS;SEASHELLS;9998.0;5
170100;Valentina;Remy;STARFRUIT;SEASHELLS;5046.0;1
170200;Valentina;Remy;AMETHYSTS;SEASHELLS;9998.0;1
171300;Vladimir;Remy;AMETHYSTS;SEASHELLS;9998.0;1
171600;Valentina;Remy;AMETHYSTS;SEASHELLS;9998.0;1
171600;Remy;Valentina;STARFRUIT;SEASHELLS;5051.0;1
171700;Rhianna;Valentina;AMETHYSTS;SEASHELLS;10002.0;2
171800;Valentina;Remy;AMETHYSTS;SEASHELLS;9995.0;1
171800;Remy;Remy;STARFRUIT;SEASHELLS;5051.0;1
172300;Valentina;Amelia;STARFRUIT;SEASHELLS;5047.0;14
172500;Valentina;Amelia;STARFRUIT;SEASHELLS;5047.0;9
172600;Remy;Vinnie;AMETHYSTS;SEASHELLS;10004.0;1
172600;Remy;Valentina;STARFRUIT;SEASHELLS;5054.0;1
172800;Valentina;Remy;STARFRUIT;SEASHELLS;5048.0;1
172900;Ruby;Rhianna;AMETHYSTS;SEASHELLS;9998.0;2
173000;Vladimir;Remy;AMETHYSTS;SEASHELLS;9998.0;2
173000;Valentina;Remy;STARFRUIT;SEASHELLS;5047.0;2
173100;Valentina;Remy;STARFRUIT;SEASHELLS;5048.0;1
173300;Remy;Vinnie;AMETHYSTS;SEASHELLS;10004.0;1
173300;Amelia;Valentina;STARFRUIT;SEASHELLS;5055.0;15
173300;Remy;Valentina;STARFRUIT;SEASHELLS;5055.0;2
173600;Adam;Vladimir;STARFRUIT;SEASHELLS;5053.0;1
174400;Valentina;Rhianna;STARFRUIT;SEASHELLS;5051.0;3
174400;Remy;Remy;AMETHYSTS;SEASHELLS;10002.0;1
174400;Vinnie;Remy;STARFRUIT;SEASHELLS;5050.0;2
174600;Remy;Vladimir;AMETHYSTS;SEASHELLS;10002.0;1
174800;Valentina;Remy;STARFRUIT;SEASHELLS;5050.0;1
175100;Rhianna;Vladimir;AMETHYSTS;SEASHELLS;10002.0;2
176300;Ruby;Valentina;AMETHYSTS;SEASHELLS;10005.0;3
176700;Valentina;Remy;STARFRUIT;SEASHELLS;5052.0;2
176700;Vladimir;Remy;AMETHYSTS;SEASHELLS;9998.0;2
176700;Vladimir;Rhianna;AMETHYSTS;SEASHELLS;9998.0;2
177000;Valentina;Remy;STARFRUIT;SEASHELLS;5052.0;1
177600;Ruby;Valentina;AMETHYSTS;SEASHELLS;10005.0;6
177900;Remy;Vinnie;AMETHYSTS;SEASHELLS;10004.0;1
177900;Remy;Vinnie;STARFRUIT;SEASHELLS;5058.0;1
178100;Rhianna;Valentina;STARFRUIT;SEASHELLS;5056.0;4
178800;Vinnie;Remy;STARFRUIT;SEASHELLS;5052.0;1
179000;Amelia;Valentina;STARFRUIT;SEASHELLS;5059.0;13
179500;Remy;Valentina;AMETHYSTS;SEASHELLS;10002.0;1
179600;Remy;Valentina;STARFRUIT;SEASHELLS;5057.0;1
179900;Rhianna;Valentina;AMETHYSTS;SEASHELLS;10002.0;4
180000;Valentina;Rhianna;AMETHYSTS;SEASHELLS;9998.0;1
180100;Ruby;Valentina;STARFRUIT;SEASHELLS;5058.0;7
180300;Valentina;Remy;STARFRUIT;SEASHELLS;5051.0;1
180400;Remy;Valentina;STARFRUIT;SEASHELLS;5057.0;1
180600;Rhianna;Valentina;AMETHYSTS;SEASHELLS;10002.0;1
180900;Remy;Valentina;STARFRUIT;SEASHELLS;5058.0;2
180900;Remy;Vinnie;AMETHYSTS;SEASHELLS;10004.0;1
180900;Remy;Valentina;AMETHYSTS;SEASHELLS;10004.0;1
181600;Rhianna;Valentina;AMETHYSTS;SEASHELLS;10002.0;3
181700;Amelia;Valentina;STARFRUIT;SEASHELLS;5056.0;13
182200;Remy;Vladimir;STARFRUIT;SEASHELLS;5053.0;1
182500;Rhianna;Valentina;AMETHYSTS;SEASHELLS;10002.0;1
182500;Remy;Valentina;STARFRUIT;SEASHELLS;5053.0;1
182800;Remy;Vinnie;AMETHYSTS;SEASHELLS;10002.0;1
182900;Ruby;Valentina;STARFRUIT;SEASHELLS;5055.0;15
183300;Valentina;Remy;STARFRUIT;SEASHELLS;5049.0;1
183400;Vladimir;Adam;AMETHYSTS;SEASHELLS;9998.0;10
183400;Valentina;Adam;AMETHYSTS;SEASHELLS;9998.0;2
183600;Remy;Vladimir;AMETHYSTS;SEASHELLS;10002.0;1
183600;Adam;Valentina;STARFRUIT;SEASHELLS;5053.0;7
183800;Valentina;Remy;STARFRUIT;SEASHELLS;5048.0;1
184800;Rhianna;Remy;STARFRUIT;SEASHELLS;5053.0;1
184800;Vladimir;Remy;AMETHYSTS;SEASHELLS;9998.0;1
185000;Vinnie;Remy;AMETHYSTS;SEASHELLS;9996.0;1
185000;Vinnie;Remy;STARFRUIT;SEASHELLS;5049.0;1
185500;Valentina;Remy;STARFRUIT;SEASHELLS;5048.0;2
185500;Vinnie;Remy;AMETHYSTS;SEASHELLS;9996.0;2
185600;Valentina;Amelia;STARFRUIT;SEASHELLS;5048.0;12
185800;Remy;Valentina;STARFRUIT;SEASHELLS;5053.0;1
186200;Amelia;Vladimir;AMETHYSTS;SEASHELLS;10002.0;5
186700;Valentina;Amelia;AMETHYSTS;SEASHELLS;9996.0;11
186700;Vinnie;Amelia;AMETHYSTS;SEASHELLS;9996.0;1
187000;Valentina;Remy;STARFRUIT;SEASHELLS;5050.0;1
187200;Vinnie;Rhianna;AMETHYSTS;SEASHELLS;9998.0;3
187300;Valentina;Remy;STARFRUIT;SEASHELLS;5050.0;1
187300;Valentina;Remy;AMETHYSTS;SEASHELLS;9995.0;1
187600;Valentina;Remy;STARFRUIT;SEASHELLS;5049.0;1
187600;Adam;Remy;AMETHYSTS;SEASHELLS;10002.0;1
187900;Ruby;Vinnie;AMETHYSTS;SEASHELLS;10004.0;2
187900;Vladimir;Rhianna;AMETHYSTS;SEASHELLS;9998.0;4
188200;Valentina;Vinnie;STARFRUIT;SEASHELLS;5053.0;3
188200;Vinnie;Remy;AMETHYSTS;SEASHELLS;9996.0;1
188200;Valentina;Remy;STARFRUIT;SEASHELLS;5050.0;1
188200;Valentina;Remy;AMETHYSTS;SEASHELLS;9998.0;1
188500;Remy;Valentina;AMETHYSTS;SEASHELLS;10005.0;1
188500;Remy;Valentina;STARFRUIT;SEASHELLS;5056.0;1
189200;Vinnie;Amelia;AMETHYSTS;SEASHELLS;9996.0;2
189600;Adam;Vinnie;AMETHYSTS;SEASHELLS;10002.0;2
189600;Valentina;Vinnie;STARFRUIT;SEASHELLS;5052.0;2
189800;Valentina;Remy;AMETHYSTS;SEASHELLS;9998.0;1
190000;Valentina;Remy;AMETHYSTS;SEASHELLS;9998.0;1
190200;Valentina;Remy;STARFRUIT;SEASHELLS;5048.0;1
190300;Vinnie;Ruby;AMETHYSTS;SEASHELLS;9996.0;2
190800;Rhianna;Valentina;STARFRUIT;SEASHELLS;5050.0;4
190900;Valentina;Remy;AMETHYSTS;SEASHELLS;9995.0;2
190900;Valentina;Remy;STARFRUIT;SEASHELLS;5045.0;2
192200;Remy;Valentina;STARFRUIT;SEASHELLS;5050.0;1
192400;Ruby;Valentina;STARFRUIT;SEASHELLS;5053.0;15
192900;Vladimir;Rhianna;STARFRUIT;SEASHELLS;5048.0;2
192900;Vinnie;Rhianna;STARFRUIT;SEASHELLS;5048.0;2
193000;Valentina;Remy;AMETHYSTS;SEASHELLS;9995.0;1
193000;Valentina;Remy;STARFRUIT;SEASHELLS;5047.0;1
193100;Vladimir;Remy;STARFRUIT;SEASHELLS;5047.0;1
193200;Remy;Valentina;STARFRUIT;SEASHELLS;5051.0;1
193700;Amelia;Valentina;STARFRUIT;SEASHELLS;5052.0;8
193700;Amelia;Valentina;AMETHYSTS;SEASHELLS;10005.0;11
193800;Vladimir;Remy;AMETHYSTS;SEASHELLS;9998.0;1
193900;Vinnie;Ruby;AMETHYSTS;SEASHELLS;9996.0;2
193900;Remy;Vladimir;STARFRUIT;SEASHELLS;5052.0;1
194000;Remy;Vladimir;STARFRUIT;SEASHELLS;5054.0;1
194200;Remy;Valentina;AMETHYSTS;SEASHELLS;10002.0;1
194200;Vladimir;Remy;STARFRUIT;SEASHELLS;5049.0;1
194300;Valentina;Remy;STARFRUIT;SEASHELLS;5048.0;1
194800;Valentina;Remy;STARFRUIT;SEASHELLS;5048.0;1
194800;Valentina;Remy;AMETHYSTS;SEASHELLS;9995.0;1
195100;Vinnie;Ruby;AMETHYSTS;SEASHELLS;9996.0;1
195300;Rhianna;Valentina;STARFRUIT;SEASHELLS;5052.0;3
195500;Valentina;Remy;STARFRUIT;SEASHELLS;5047.0;1
195600;Remy;Vinnie;AMETHYSTS;SEASHELLS;10004.0;2
195600;Remy;Rhianna;STARFRUIT;SEASHELLS;5049.0;2
195700;Rhianna;Valentina;STARFRUIT;SEASHELLS;5051.0;5
196100;Ruby;Vladimir;STARFRUIT;SEASHELLS;5052.0;6
196700;Remy;Valentina;STARFRUIT;SEASHELLS;5052.0;1
197000;Valentina;Remy;AMETHYSTS;SEASHELLS;9998.0;1
197100;Remy;Valentina;AMETHYSTS;SEASHELLS;10002.0;1
197400;Vinnie;Amelia;AMETHYSTS;SEASHELLS;9996.0;1
197500;Vladimir;Ruby;AMETHYSTS;SEASHELLS;9998.0;5
197700;Valentina;Remy;STARFRUIT;SEASHELLS;5047.0;1
197700;Valentina;Remy;AMETHYSTS;SEASHELLS;9995.0;1
198000;Vladimir;Ruby;STARFRUIT;SEASHELLS;5048.0;1
198400;Vladimir;Remy;AMETHYSTS;SEASHELLS;9998.0;1
198400;Valentina;Rhianna;STARFRUIT;SEASHELLS;5048.0;2
198500;Rhianna;Vladimir;AMETHYSTS;SEASHELLS;10002.0;3
199000;Valentina;Remy;STARFRUIT;SEASHELLS;5047.0;1
199300;Remy;Valentina;STARFRUIT;SEASHELLS;5053.0;1
199400;Rhianna;Valentina;AMETHYSTS;SEASHELLS;10002.0;3
199400;Remy;Valentina;AMETHYSTS;SEASHELLS;10002.0;1
199700;Remy;Valentina;AMETHYSTS;SEASHELLS;10002.0;1
200100;Valentina;Rhianna;STARFRUIT;SEASHELLS;5048.0;2
200100;Rhianna;Valentina;AMETHYSTS;SEASHELLS;10002.0;5
200200;Valentina;Ruby;STARFRUIT;SEASHELLS;5047.0;15
200300;Remy;Remy;STARFRUIT;SEASHELLS;5048.0;1
200300;Remy;Vinnie;AMETHYSTS;SEASHELLS;10004.0;2
200400;Remy;Valentina;STARFRUIT;SEASHELLS;5054.0;1
200400;Remy;Vinnie;AMETHYSTS;SEASHELLS;10004.0;1
200800;Rhianna;Vladimir;AMETHYSTS;SEASHELLS;10002.0;1
200900;Valentina;Remy;STARFRUIT;SEASHELLS;5047.0;1
201800;Valentina;Rhianna;AMETHYSTS;SEASHELLS;9998.0;3
202000;Rhianna;Valentina;AMETHYSTS;SEASHELLS;10002.0;3
202100;Valentina;Remy;STARFRUIT;SEASHELLS;5048.0;1
202200;Adam;Vladimir;AMETHYSTS;SEASHELLS;10002.0;5
202600;Rhianna;Valentina;AMETHYSTS;SEASHELLS;10002.0;4
203000;Remy;Valentina;STARFRUIT;SEASHELLS;5052.0;1
203300;Vinnie;Ruby;AMETHYSTS;SEASHELLS;9996.0;2
203700;Remy;Valentina;STARFRUIT;SEASHELLS;5051.0;1
203900;Remy;Vladimir;STARFRUIT;SEASHELLS;5050.0;2
203900;Remy;Vinnie;AMETHYSTS;SEASHELLS;10004.0;1
204000;Rhianna;Valentina;STARFRUIT;SEASHELLS;5049.0;2
204200;Remy;Vladimir;STARFRUIT;SEASHELLS;5050.0;1
204400;Remy;Vladimir;STARFRUIT;SEASHELLS;5050.0;1
204500;Remy;Vladimir;STARFRUIT;SEASHELLS;5050.0;1
204800;Amelia;Valentina;AMETHYSTS;SEASHELLS;10004.0;7
204800;Amelia;Vinnie;AMETHYSTS;SEASHELLS;10004.0;1
205000;Remy;Vinnie;AMETHYSTS;SEASHELLS;10004.0;2
205000;Vinnie;Remy;STARFRUIT;SEASHELLS;5044.0;1
205000;Remy;Vinnie;STARFRUIT;SEASHELLS;5050.0;2
205400;Remy;Valentina;STARFRUIT;SEASHELLS;5050.0;1
205800;Remy;Vladimir;AMETHYSTS;SEASHELLS;10002.0;1
206400;Vinnie;Remy;AMETHYSTS;SEASHELLS;9996.0;2
206400;Vinnie;Remy;STARFRUIT;SEASHELLS;5044.0;2
206700;Valentina;Rhianna;STARFRUIT;SEASHELLS;5045.0;5
207000;Valentina;Remy;STARFRUIT;SEASHELLS;5043.0;1
207000;Valentina;Remy;AMETHYSTS;SEASHELLS;9998.0;1
207300;Remy;Valentina;STARFRUIT;SEASHELLS;5050.0;1
207300;Remy;Vinnie;AMETHYSTS;SEASHELLS;10004.0;1
207500;Vinnie;Ruby;AMETHYSTS;SEASHELLS;9996.0;2
207500;Valentina;Ruby;AMETHYSTS;SEASHELLS;9996.0;5
207600;Adam;Valentina;STARFRUIT;SEASHELLS;5048.0;8
207800;Amelia;Valentina;STARFRUIT;SEASHELLS;5051.0;15
207800;Remy;Valentina;STARFRUIT;SEASHELLS;5050.0;1
208000;Remy;Vinnie;AMETHYSTS;SEASHELLS;10004.0;1
208000;Remy;Valentina;STARFRUIT;SEASHELLS;5052.0;1
208100;Remy;Amelia;STARFRUIT;SEASHELLS;5046.0;1
208100;Remy;Remy;AMETHYSTS;SEASHELLS;9998.0;1
208100;Vladimir;Amelia;STARFRUIT;SEASHELLS;5046.0;3
208300;Valentina;Remy;STARFRUIT;SEASHELLS;5044.0;1
208700;Vladimir;Remy;STARFRUIT;SEASHELLS;5045.0;1
208900;Ruby;Rhianna;STARFRUIT;SEASHELLS;5046.0;1
208900;Vladimir;Rhianna;STARFRUIT;SEASHELLS;5046.0;2
209000;Remy;Valentina;STARFRUIT;SEASHELLS;5050.0;1
209700;Vinnie;Ruby;AMETHYSTS;SEASHELLS;9996.0;2
209700;Valentina;Ruby;AMETHYSTS;SEASHELLS;9996.0;5
209700;Valentina;Remy;STARFRUIT;SEASHELLS;5046.0;1
209900;Amelia;Remy;AMETHYSTS;SEASHELLS;9998.0;1
210000;Valentina;Rhianna;STARFRUIT;SEASHELLS;5046.0;3
210100;Valentina;Remy;STARFRUIT;SEASHELLS;5045.0;1
210300;Remy;Vinnie;STARFRUIT;SEASHELLS;5051.0;1
210300;Valentina;Remy;STARFRUIT;SEASHELLS;5045.0;1
210300;Remy;Vladimir;AMETHYSTS;SEASHELLS;10002.0;1
210400;Vinnie;Remy;STARFRUIT;SEASHELLS;5045.0;1
210600;Valentina;Remy;AMETHYSTS;SEASHELLS;9995.0;1
210600;Valentina;Remy;STARFRUIT;SEASHELLS;5045.0;1
210700;Valentina;Remy;STARFRUIT;SEASHELLS;5045.0;1
210700;Vinnie;Remy;AMETHYSTS;SEASHELLS;9996.0;1
211100;Remy;Vladimir;AMETHYSTS;SEASHELLS;10002.0;1
211100;Remy;Valentina;STARFRUIT;SEASHELLS;5053.0;1
211300;Ruby;Valentina;STARFRUIT;SEASHELLS;5053.0;11
211300;Valentina;Remy;AMETHYSTS;SEASHELLS;9998.0;1
211400;Valentina;Ruby;AMETHYSTS;SEASHELLS;9996.0;1
211400;Vinnie;Ruby;AMETHYSTS;SEASHELLS;9996.0;2
211500;Vinnie;Amelia;STARFRUIT;SEASHELLS;5047.0;2
211500;Vladimir;Amelia;STARFRUIT;SEASHELLS;5047.0;6
211800;Valentina;Remy;STARFRUIT;SEASHELLS;5046.0;1
212000;Valentina;Amelia;STARFRUIT;SEASHELLS;5045.0;9
212300;Remy;Adam;AMETHYSTS;SEASHELLS;9998.0;1
212300;Remy;Valentina;STARFRUIT;SEASHELLS;5053.0;1
212300;Adam;Vinnie;STARFRUIT;SEASHELLS;5051.0;5
212300;Amelia;Valentina;STARFRUIT;SEASHELLS;5053.0;13
212500;Ruby;Valentina;STARFRUIT;SEASHELLS;5051.0;1
212500;Ruby;Vladimir;STARFRUIT;SEASHELLS;5051.0;6
212800;Valentina;Remy;STARFRUIT;SEASHELLS;5046.0;1
213000;Valentina;Remy;AMETHYSTS;SEASHELLS;9998.0;1
213900;Valentina;Rhianna;AMETHYSTS;SEASHELLS;9998.0;3
213900;Valentina;Remy;STARFRUIT;SEASHELLS;5046.0;1
214100;Valentina;Remy;AMETHYSTS;SEASHELLS;9998.0;1
214100;Valentina;Rhianna;AMETHYSTS;SEASHELLS;9998.0;1
214500;Vladimir;Rhianna;AMETHYSTS;SEASHELLS;9998.0;3
214500;Vladimir;Remy;AMETHYSTS;SEASHELLS;9998.0;1
214700;Vinnie;Ruby;AMETHYSTS;SEASHELLS;9996.0;2
214800;Vladimir;Rhianna;STARFRUIT;SEASHELLS;5046.0;2
214800;Valentina;Rhianna;STARFRUIT;SEASHELLS;5046.0;3
215100;Valentina;Remy;AMETHYSTS;SEASHELLS;9998.0;1
215800;Valentina;Remy;STARFRUIT;SEASHELLS;5046.0;1
215900;Valentina;Ruby;STARFRUIT;SEASHELLS;5046.0;7
216000;Adam;Valentina;STARFRUIT;SEASHELLS;5051.0;8
216000;Adam;Remy;STARFRUIT;SEASHELLS;5046.0;1
216000;Adam;Vladimir;STARFRUIT;SEASHELLS;5051.0;1
216100;Remy;Vladimir;AMETHYSTS;SEASHELLS;10002.0;1
216400;Valentina;Rhianna;STARFRUIT;SEASHELLS;5048.0;3
216500;Valentina;Remy;STARFRUIT;SEASHELLS;5047.0;1
216600;Valentina;Remy;AMETHYSTS;SEASHELLS;9998.0;1
216600;Ruby;Valentina;STARFRUIT;SEASHELLS;5051.0;7
216600;Ruby;Vladimir;STARFRUIT;SEASHELLS;5051.0;5
217100;Vinnie;Amelia;AMETHYSTS;SEASHELLS;9996.0;1
217400;Vladimir;Ruby;STARFRUIT;SEASHELLS;5046.0;4
217500;Vinnie;Remy;AMETHYSTS;SEASHELLS;9996.0;1
217500;Valentina;Remy;STARFRUIT;SEASHELLS;5045.0;1
217700;Remy;Valentina;STARFRUIT;SEASHELLS;5051.0;1
217800;Vinnie;Ruby;AMETHYSTS;SEASHELLS;9996.0;1
218200;Valentina;Remy;STARFRUIT;SEASHELLS;5045.0;1
218700;Remy;Vladimir;STARFRUIT;SEASHELLS;5050.0;1
219400;Remy;Vinnie;AMETHYSTS;SEASHELLS;10004.0;1
219400;Remy;Vladimir;STARFRUIT;SEASHELLS;5049.0;1
219400;Remy;Vladimir;STARFRUIT;SEASHELLS;5048.0;1
219600;Remy;Vladimir;STARFRUIT;SEASHELLS;5049.0;1
220500;Vladimir;Rhianna;STARFRUIT;SEASHELLS;5045.0;3
221000;Amelia;Valentina;STARFRUIT;SEASHELLS;5050.0;10
221100;Remy;Vladimir;AMETHYSTS;SEASHELLS;10002.0;1
221100;Remy;Valentina;STARFRUIT;SEASHELLS;5049.0;1
221200;Vladimir;Remy;STARFRUIT;SEASHELLS;5042.0;1
221200;Remy;Valentina;AMETHYSTS;SEASHELLS;10002.0;1
221800;Valentina;Rhianna;STARFRUIT;SEASHELLS;5046.0;5
222200;Vladimir;Rhianna;AMETHYSTS;SEASHELLS;9998.0;2
222800;Remy;Vladimir;STARFRUIT;SEASHELLS;5047.0;1
223000;Valentina;Ruby;STARFRUIT;SEASHELLS;5041.0;5
223100;Vinnie;Rhianna;AMETHYSTS;SEASHELLS;9998.0;2
223600;Remy;Vladimir;AMETHYSTS;SEASHELLS;10002.0;1
223700;Remy;Valentina;AMETHYSTS;SEASHELLS;10005.0;1
223700;Remy;Valentina;STARFRUIT;SEASHELLS;5048.0;1
223800;Valentina;Remy;STARFRUIT;SEASHELLS;5042.0;1
223800;Remy;Valentina;AMETHYSTS;SEASHELLS;10002.0;1
224400;Valentina;Amelia;STARFRUIT;SEASHELLS;5043.0;11
224500;Rhianna;Valentina;STARFRUIT;SEASHELLS;5048.0;4
224500;Remy;Valentina;AMETHYSTS;SEASHELLS;10002.0;1
224600;Ruby;Vinnie;AMETHYSTS;SEASHELLS;10004.0;1
224600;Remy;Valentina;STARFRUIT;SEASHELLS;5051.0;1
224600;Remy;Valentina;AMETHYSTS;SEASHELLS;10005.0;1
225000;Vinnie;Ruby;AMETHYSTS;SEASHELLS;9996.0;1
225500;Vladimir;Remy;STARFRUIT;SEASHELLS;5044.0;1
225700;Rhianna;Valentina;AMETHYSTS;SEASHELLS;10002.0;1
225700;Valentina;Remy;STARFRUIT;SEASHELLS;5044.0;1
226100;Valentina;Rhianna;AMETHYSTS;SEASHELLS;9998.0;4
226100;Remy;Rhianna;AMETHYSTS;SEASHELLS;9998.0;1
226700;Vinnie;Remy;STARFRUIT;SEASHELLS;5046.0;2
226700;Vladimir;Remy;AMETHYSTS;SEASHELLS;9998.0;2
226800;Valentina;Rhianna;STARFRUIT;SEASHELLS;5047.0;5
227100;Valentina;Remy;STARFRUIT;SEASHELLS;5046.0;1
227300;Valentina;Remy;AMETHYSTS;SEASHELLS;9998.0;1
227700;Vladimir;Remy;STARFRUIT;SEASHELLS;5047.0;1
227700;Vinnie;Remy;AMETHYSTS;SEASHELLS;9996.0;1
228300;Vinnie;Ruby;STARFRUIT;SEASHELLS;5048.0;1
228300;Vladimir;Ruby;STARFRUIT;SEASHELLS;5048.0;6
228400;Vladimir;Remy;STARFRUIT;SEASHELLS;5048.0;1
229400;Valentina;Remy;AMETHYSTS;SEASHELLS;9998.0;1
229600;Remy;Vladimir;AMETHYSTS;SEASHELLS;10002.0;1
229700;Remy;Valentina;STARFRUIT;SEASHELLS;5051.0;1
229900;Vinnie;Amelia;STARFRUIT;SEASHELLS;5046.0;2
230100;Vinnie;Remy;STARFRUIT;SEASHELLS;5047.0;1
230100;Vinnie;Adam;STARFRUIT;SEASHELLS;5047.0;1
230300;Vinnie;Amelia;AMETHYSTS;SEASHELLS;9996.0;1
230300;Valentina;Amelia;AMETHYSTS;SEASHELLS;9996.0;9
230400;Remy;Vladimir;AMETHYSTS;SEASHELLS;10002.0;1
230400;Remy;Valentina;STARFRUIT;SEASHELLS;5052.0;1
230500;Vladimir;Remy;STARFRUIT;SEASHELLS;5046.0;1
230900;Remy;Vinnie;AMETHYSTS;SEASHELLS;10004.0;1
230900;Remy;Valentina;STARFRUIT;SEASHELLS;5051.0;1
231100;Valentina;Vinnie;STARFRUIT;SEASHELLS;5048.0;5
231300;Vladimir;Remy;AMETHYSTS;SEASHELLS;9998.0;1
231400;Rhianna;Ruby;STARFRUIT;SEASHELLS;5049.0;2
231700;Ruby;Vinnie;AMETHYSTS;SEASHELLS;10000.0;4
231700;Valentina;Vinnie;STARFRUIT;SEASHELLS;5049.0;4
231700;Valentina;Remy;STARFRUIT;SEASHELLS;5046.0;1
232000;Adam;Valentina;STARFRUIT;SEASHELLS;5051.0;9
232100;Remy;Valentina;AMETHYSTS;SEASHELLS;10002.0;1
232300;Remy;Vladimir;AMETHYSTS;SEASHELLS;10002.0;1
232300;Remy;Valentina;STARFRUIT;SEASHELLS;5053.0;1
232600;Remy;Valentina;STARFRUIT;SEASHELLS;5053.0;1
232600;Vladimir;Rhianna;AMETHYSTS;SEASHELLS;9998.0;2
232600;Remy;Rhianna;AMETHYSTS;SEASHELLS;9998.0;1
234200;Valentina;Remy;STARFRUIT;SEASHELLS;5044.0;1
234300;Valentina;Remy;AMETHYSTS;SEASHELLS;9995.0;1
234300;Valentina;Remy;STARFRUIT;SEASHELLS;5045.0;1
234500;Valentina;Remy;AMETHYSTS;SEASHELLS;9998.0;1
234700;Remy;Valentina;STARFRUIT;SEASHELLS;5051.0;2
234700;Rhianna;Valentina;STARFRUIT;SEASHELLS;5049.0;4
234700;Remy;Valentina;AMETHYSTS;SEASHELLS;10004.0;1
234700;Remy;Vinnie;AMETHYSTS;SEASHELLS;10004.0;1
234800;Vladimir;Remy;AMETHYSTS;SEASHELLS;9998.0;1
235200;Valentina;Ruby;AMETHYSTS;SEASHELLS;9995.0;8
235500;Vinnie;Remy;STARFRUIT;SEASHELLS;5045.0;1
235900;Valentina;Rhianna;STARFRUIT;SEASHELLS;5046.0;3
236200;Valentina;Rhianna;AMETHYSTS;SEASHELLS;9998.0;1
236400;Valentina;Remy;AMETHYSTS;SEASHELLS;9998.0;1
236800;Valentina;Remy;AMETHYSTS;SEASHELLS;9998.0;1
237000;Remy;Rhianna;AMETHYSTS;SEASHELLS;9998.0;1
237000;Valentina;Rhianna;AMETHYSTS;SEASHELLS;9998.0;3
237000;Remy;Valentina;STARFRUIT;SEASHELLS;5054.0;1
237300;Valentina;Remy;STARFRUIT;SEASHELLS;5046.0;1
237300;Vinnie;Remy;AMETHYSTS;SEASHELLS;9996.0;1
237300;Valentina;Remy;STARFRUIT;SEASHELLS;5047.0;1
237400;Valentina;Remy;AMETHYSTS;SEASHELLS;9998.0;1
237400;Valentina;Remy;STARFRUIT;SEASHELLS;5046.0;1
237700;Vladimir;Remy;AMETHYSTS;SEASHELLS;9998.0;1
238000;Valentina;Remy;STARFRUIT;SEASHELLS;5046.0;1
238300;Vladimir;Amelia;AMETHYSTS;SEASHELLS;9998.0;5
238600;Valentina;Amelia;STARFRUIT;SEASHELLS;5045.0;8
238700;Vinnie;Remy;STARFRUIT;SEASHELLS;5046.0;1
238700;Remy;Valentina;STARFRUIT;SEASHELLS;5052.0;1
238700;Remy;Valentina;AMETHYSTS;SEASHELLS;10002.0;1
238700;Remy;Vinnie;AMETHYSTS;SEASHELLS;10004.0;1
238800;Ruby;Vinnie;STARFRUIT;SEASHELLS;5052.0;2
238800;Ruby;Valentina;STARFRUIT;SEASHELLS;5052.0;12
239300;Remy;Valentina;AMETHYSTS;SEASHELLS;10005.0;1
239300;Remy;Vladimir;STARFRUIT;SEASHELLS;5051.0;1
239300;Amelia;Valentina;AMETHYSTS;SEASHELLS;10004.0;8
239300;Amelia;Vinnie;AMETHYSTS;SEASHELLS;10004.0;1
240100;Vladimir;Rhianna;AMETHYSTS;SEASHELLS;9998.0;3
240100;Rhianna;Vladimir;STARFRUIT;SEASHELLS;5051.0;3
240200;Ruby;Vladimir;AMETHYSTS;SEASHELLS;10002.0;5
240200;Amelia;Vinnie;AMETHYSTS;SEASHELLS;10000.0;2
240700;Remy;Valentina;STARFRUIT;SEASHELLS;5052.0;1
241000;Ruby;Valentina;STARFRUIT;SEASHELLS;5053.0;6
241000;Valentina;Rhianna;AMETHYSTS;SEASHELLS;9998.0;5
241200;Ruby;Vinnie;AMETHYSTS;SEASHELLS;10004.0;2
241200;Ruby;Valentina;AMETHYSTS;SEASHELLS;10004.0;6
241300;Vladimir;Adam;STARFRUIT;SEASHELLS;5047.0;4
241400;Vladimir;Remy;AMETHYSTS;SEASHELLS;9998.0;1
241600;Valentina;Rhianna;STARFRUIT;SEASHELLS;5048.0;4
242000;Valentina;Remy;AMETHYSTS;SEASHELLS;9998.0;1
242400;Ruby;Vinnie;AMETHYSTS;SEASHELLS;10004.0;1
242800;Ruby;Valentina;STARFRUIT;SEASHELLS;5053.0;7
243100;Rhianna;Valentina;STARFRUIT;SEASHELLS;5051.0;3
243500;Rhianna;Valentina;AMETHYSTS;SEASHELLS;10002.0;1
243600;Vladimir;Remy;AMETHYSTS;SEASHELLS;9998.0;1
243900;Valentina;Remy;AMETHYSTS;SEASHELLS;9998.0;1
244100;Valentina;Remy;STARFRUIT;SEASHELLS;5047.0;1
244100;Vinnie;Amelia;AMETHYSTS;SEASHELLS;9996.0;1
244300;Vladimir;Remy;STARFRUIT;SEASHELLS;5047.0;1
244300;Vladimir;Amelia;STARFRUIT;SEASHELLS;5048.0;7
244500;Valentina;Ruby;STARFRUIT;SEASHELLS;5046.0;11
244900;Valentina;Rhianna;STARFRUIT;SEASHELLS;5047.0;2
244900;Valentina;Ruby;STARFRUIT;SEASHELLS;5046.0;14
245300;Remy;Valentina;AMETHYSTS;SEASHELLS;10002.0;1
245700;Ruby;Valentina;STARFRUIT;SEASHELLS;5053.0;14
246000;Remy;Valentina;STARFRUIT;SEASHELLS;5052.0;1
246100;Valentina;Ruby;STARFRUIT;SEASHELLS;5046.0;14
246800;Vladimir;Rhianna;STARFRUIT;SEASHELLS;5046.0;1
247000;Rhianna;Valentina;AMETHYSTS;SEASHELLS;10002.0;5
247000;Valentina;Remy;STARFRUIT;SEASHELLS;5045.0;1
247200;Remy;Valentina;STARFRUIT;SEASHELLS;5049.0;1
247500;Valentina;Ruby;AMETHYSTS;SEASHELLS;9995.0;8
247600;Valentina;Ruby;AMETHYSTS;SEASHELLS;9995.0;7
248100;Valentina;Remy;STARFRUIT;SEASHELLS;5044.0;2
248100;Vladimir;Remy;AMETHYSTS;SEASHELLS;9998.0;2
248100;Remy;Vladimir;STARFRUIT;SEASHELLS;5050.0;1
248100;Amelia;Valentina;STARFRUIT;SEASHELLS;5051.0;9
248200;Vladimir;Remy;STARFRUIT;SEASHELLS;5045.0;1
248300;Adam;Valentina;STARFRUIT;SEASHELLS;5049.0;8
248400;Remy;Valentina;AMETHYSTS;SEASHELLS;10005.0;2
248400;Remy;Valentina;STARFRUIT;SEASHELLS;5052.0;2
248600;Rhianna;Valentina;STARFRUIT;SEASHELLS;5050.0;5
248700;Ruby;Valentina;AMETHYSTS;SEASHELLS;10005.0;4
248800;Vinnie;Remy;STARFRUIT;SEASHELLS;5046.0;1
248900;Vinnie;Remy;STARFRUIT;SEASHELLS;5046.0;1
249100;Valentina;Remy;AMETHYSTS;SEASHELLS;9998.0;1
249200;Rhianna;Valentina;STARFRUIT;SEASHELLS;5050.0;4
249400;Valentina;Rhianna;AMETHYSTS;SEASHELLS;9998.0;4
249400;Vladimir;Remy;STARFRUIT;SEASHELLS;5047.0;1
249500;Vladimir;Remy;AMETHYSTS;SEASHELLS;9998.0;1
249600;Valentina;Ruby;STARFRUIT;SEASHELLS;5048.0;5
249600;Vinnie;Ruby;STARFRUIT;SEASHELLS;5048.0;2
249700;Remy;Vladimir;AMETHYSTS;SEASHELLS;10002.0;1
249700;Vinnie;Amelia;AMETHYSTS;SEASHELLS;9996.0;1
249800;Ruby;Valentina;STARFRUIT;SEASHELLS;5054.0;6
250000;Rhianna;Valentina;AMETHYSTS;SEASHELLS;10002.0;5
250100;Valentina;Amelia;STARFRUIT;SEASHELLS;5047.0;15
250200;Valentina;Amelia;AMETHYSTS;SEASHELLS;9995.0;9
250400;Remy;Valentina;STARFRUIT;SEASHELLS;5054.0;2
250400;Remy;Remy;AMETHYSTS;SEASHELLS;9998.0;1
250700;Rhianna;Valentina;STARFRUIT;SEASHELLS;5051.0;4
251400;Valentina;Vinnie;STARFRUIT;SEASHELLS;5051.0;4
251400;Remy;Vinnie;STARFRUIT;SEASHELLS;5054.0;1
251700;Remy;Valentina;STARFRUIT;SEASHELLS;5054.0;1
252000;Valentina;Remy;AMETHYSTS;SEASHELLS;9998.0;1
252000;Valentina;Remy;STARFRUIT;SEASHELLS;5049.0;1
252100;Valentina;Rhianna;STARFRUIT;SEASHELLS;5050.0;3
252700;Remy;Vladimir;STARFRUIT;SEASHELLS;5054.0;1
252800;Remy;Vinnie;AMETHYSTS;SEASHELLS;10004.0;1
252800;Remy;Vinnie;STARFRUIT;SEASHELLS;5055.0;1
253100;Remy;Valentina;STARFRUIT;SEASHELLS;5054.0;1
253100;Remy;Vinnie;AMETHYSTS;SEASHELLS;10004.0;1
253400;Valentina;Remy;STARFRUIT;SEASHELLS;5047.0;1
253600;Remy;Valentina;STARFRUIT;SEASHELLS;5053.0;1
253800;Remy;Vladimir;AMETHYSTS;SEASHELLS;10002.0;1
254000;Vinnie;Remy;STARFRUIT;SEASHELLS;5048.0;1
254200;Amelia;Vinnie;AMETHYSTS;SEASHELLS;10004.0;1
254200;Amelia;Valentina;AMETHYSTS;SEASHELLS;10004.0;10
254800;Vinnie;Ruby;AMETHYSTS;SEASHELLS;9996.0;2
254900;Vinnie;Rhianna;AMETHYSTS;SEASHELLS;9998.0;2
255100;Vinnie;Rhianna;AMETHYSTS;SEASHELLS;9998.0;1
255500;Remy;Valentina;STARFRUIT;SEASHELLS;5054.0;1
255500;Remy;Valentina;AMETHYSTS;SEASHELLS;10005.0;1
255500;Valentina;Remy;STARFRUIT;SEASHELLS;5047.0;1
255800;Valentina;Rhianna;AMETHYSTS;SEASHELLS;9998.0;5
255800;Rhianna;Adam;STARFRUIT;SEASHELLS;5050.0;5
255800;Valentina;Adam;STARFRUIT;SEASHELLS;5047.0;5
255900;Vinnie;Remy;AMETHYSTS;SEASHELLS;9998.0;1
256000;Remy;Valentina;STARFRUIT;SEASHELLS;5051.0;1
256100;Vladimir;Rhianna;AMETHYSTS;SEASHELLS;9998.0;4
256100;Amelia;Remy;STARFRUIT;SEASHELLS;5046.0;1
256200;Remy;Vladimir;STARFRUIT;SEASHELLS;5050.0;1
256400;Vladimir;Remy;STARFRUIT;SEASHELLS;5045.0;1
256500;Vladimir;Remy;STARFRUIT;SEASHELLS;5045.0;1
257200;Valentina;Remy;STARFRUIT;SEASHELLS;5045.0;1
257400;Valentina;Rhianna;AMETHYSTS;SEASHELLS;9998.0;4
257500;Remy;Valentina;AMETHYSTS;SEASHELLS;10002.0;1
257800;Valentina;Ruby;AMETHYSTS;SEASHELLS;9995.0;6
257900;Remy;Remy;AMETHYSTS;SEASHELLS;9998.0;1
257900;Remy;Valentina;STARFRUIT;SEASHELLS;5051.0;2
258000;Vladimir;Rhianna;AMETHYSTS;SEASHELLS;9998.0;5
258200;Valentina;Ruby;STARFRUIT;SEASHELLS;5046.0;14
258500;Rhianna;Vladimir;AMETHYSTS;SEASHELLS;10002.0;2
258500;Remy;Vladimir;AMETHYSTS;SEASHELLS;10002.0;2
258500;Remy;Valentina;STARFRUIT;SEASHELLS;5054.0;2
258900;Rhianna;Remy;AMETHYSTS;SEASHELLS;10002.0;1
259000;Remy;Vinnie;AMETHYSTS;SEASHELLS;10004.0;2
259000;Remy;Valentina;STARFRUIT;SEASHELLS;5054.0;2
259400;Vinnie;Remy;STARFRUIT;SEASHELLS;5047.0;1
259700;Valentina;Remy;STARFRUIT;SEASHELLS;5047.0;1
260300;Remy;Vladimir;AMETHYSTS;SEASHELLS;10002.0;1
260700;Vladimir;Remy;AMETHYSTS;SEASHELLS;9998.0;1
260700;Valentina;Remy;STARFRUIT;SEASHELLS;5047.0;1
260800;Remy;Valentina;STARFRUIT;SEASHELLS;5052.0;1
261000;Valentina;Rhianna;STARFRUIT;SEASHELLS;5048.0;5
261100;Valentina;Amelia;STARFRUIT;SEASHELLS;5047.0;10
261200;Remy;Vinnie;STARFRUIT;SEASHELLS;5053.0;1
261400;Vinnie;Remy;STARFRUIT;SEASHELLS;5048.0;1
261600;Valentina;Rhianna;AMETHYSTS;SEASHELLS;9998.0;5
261800;Valentina;Remy;STARFRUIT;SEASHELLS;5046.0;1
261800;Valentina;Remy;AMETHYSTS;SEASHELLS;9995.0;1
262100;Ruby;Remy;STARFRUIT;SEASHELLS;5048.0;1
262100;Remy;Valentina;AMETHYSTS;SEASHELLS;10002.0;1
262700;Vinnie;Remy;STARFRUIT;SEASHELLS;5048.0;1
263200;Ruby;Vinnie;AMETHYSTS;SEASHELLS;10004.0;2
263300;Vladimir;Rhianna;AMETHYSTS;SEASHELLS;9998.0;2
263300;Valentina;Rhianna;AMETHYSTS;SEASHELLS;9998.0;1
263900;Rhianna;Valentina;AMETHYSTS;SEASHELLS;10002.0;1
263900;Rhianna;Vladimir;AMETHYSTS;SEASHELLS;10002.0;4
264100;Remy;Valentina;AMETHYSTS;SEASHELLS;10005.0;2
264100;Remy;Valentina;STARFRUIT;SEASHELLS;5055.0;2
264300;Valentina;Rhianna;STARFRUIT;SEASHELLS;5049.0;4
264500;Vladimir;Remy;AMETHYSTS;SEASHELLS;9998.0;1
264500;Valentina;Rhianna;STARFRUIT;SEASHELLS;5050.0;2
264700;Valentina;Remy;AMETHYSTS;SEASHELLS;9998.0;1
264700;Ruby;Valentina;STARFRUIT;SEASHELLS;5053.0;10
264700;Valentina;Rhianna;AMETHYSTS;SEASHELLS;9998.0;4
264700;Ruby;Vladimir;STARFRUIT;SEASHELLS;5053.0;3
264800;Amelia;Vinnie;AMETHYSTS;SEASHELLS;10004.0;2
265200;Remy;Vladimir;STARFRUIT;SEASHELLS;5055.0;1
265600;Valentina;Remy;AMETHYSTS;SEASHELLS;9998.0;1
265900;Valentina;Ruby;AMETHYSTS;SEASHELLS;9995.0;4
266000;Valentina;Remy;AMETHYSTS;SEASHELLS;9998.0;1
266100;Remy;Vladimir;STARFRUIT;SEASHELLS;5056.0;1
266700;Remy;Valentina;STARFRUIT;SEASHELLS;5056.0;2
266700;Remy;Valentina;AMETHYSTS;SEASHELLS;10005.0;2
267100;Rhianna;Valentina;AMETHYSTS;SEASHELLS;10002.0;2
267900;Ruby;Vinnie;AMETHYSTS;SEASHELLS;10004.0;1
267900;Ruby;Valentina;AMETHYSTS;SEASHELLS;10004.0;4
268200;Vladimir;Remy;STARFRUIT;SEASHELLS;5049.0;1
268200;Remy;Valentina;STARFRUIT;SEASHELLS;5056.0;2
268200;Remy;Valentina;AMETHYSTS;SEASHELLS;10005.0;2
268300;Valentina;Remy;STARFRUIT;SEASHELLS;5048.0;1
268300;Valentina;Remy;AMETHYSTS;SEASHELLS;9995.0;1
268400;Remy;Valentina;STARFRUIT;SEASHELLS;5054.0;1
268500;Valentina;Remy;STARFRUIT;SEASHELLS;5048.0;1
269200;Remy;Vladimir;STARFRUIT;SEASHELLS;5054.0;1
269400;Valentina;Remy;STARFRUIT;SEASHELLS;5049.0;1
269700;Remy;Valentina;STARFRUIT;SEASHELLS;5054.0;1
270100;Valentina;Ruby;AMETHYSTS;SEASHELLS;9996.0;4
270100;Vinnie;Ruby;AMETHYSTS;SEASHELLS;9996.0;2
270100;Valentina;Remy;AMETHYSTS;SEASHELLS;9998.0;1
270300;Ruby;Valentina;STARFRUIT;SEASHELLS;5057.0;6
270500;Remy;Vladimir;AMETHYSTS;SEASHELLS;10002.0;1
270500;Remy;Vladimir;STARFRUIT;SEASHELLS;5054.0;1
271200;Remy;Vladimir;STARFRUIT;SEASHELLS;5053.0;1
271400;Remy;Valentina;AMETHYSTS;SEASHELLS;10002.0;1
271500;Ruby;Valentina;AMETHYSTS;SEASHELLS;10005.0;6
272500;Vinnie;Remy;AMETHYSTS;SEASHELLS;9996.0;2
272500;Valentina;Remy;STARFRUIT;SEASHELLS;5045.0;2
272900;Vladimir;Remy;STARFRUIT;SEASHELLS;5047.0;1
273100;Rhianna;Valentina;AMETHYSTS;SEASHELLS;10002.0;2
273400;Valentina;Amelia;STARFRUIT;SEASHELLS;5046.0;15
273500;Remy;Vladimir;AMETHYSTS;SEASHELLS;10002.0;1
273500;Valentina;Amelia;AMETHYSTS;SEASHELLS;9995.0;10
273700;Amelia;Vinnie;AMETHYSTS;SEASHELLS;10004.0;1
274000;Vinnie;Ruby;AMETHYSTS;SEASHELLS;9996.0;1
274300;Remy;Vinnie;AMETHYSTS;SEASHELLS;10004.0;1
274300;Remy;Vinnie;STARFRUIT;SEASHELLS;5051.0;1
274700;Rhianna;Vladimir;STARFRUIT;SEASHELLS;5050.0;5
274900;Vinnie;Remy;AMETHYSTS;SEASHELLS;9996.0;2
274900;Valentina;Remy;STARFRUIT;SEASHELLS;5045.0;2
275500;Vinnie;Ruby;AMETHYSTS;SEASHELLS;9996.0;1
275600;Valentina;Remy;AMETHYSTS;SEASHELLS;9998.0;1
275700;Valentina;Remy;AMETHYSTS;SEASHELLS;9998.0;1
276300;Remy;Vinnie;STARFRUIT;SEASHELLS;5052.0;1
276300;Remy;Vinnie;AMETHYSTS;SEASHELLS;10004.0;1
276800;Valentina;Ruby;STARFRUIT;SEASHELLS;5045.0;15
277300;Valentina;Ruby;STARFRUIT;SEASHELLS;5045.0;4
277600;Vladimir;Remy;STARFRUIT;SEASHELLS;5045.0;1
277800;Remy;Vladimir;AMETHYSTS;SEASHELLS;10002.0;1
278000;Vladimir;Remy;STARFRUIT;SEASHELLS;5048.0;1
278000;Vinnie;Remy;AMETHYSTS;SEASHELLS;9996.0;1
278000;Vladimir;Rhianna;STARFRUIT;SEASHELLS;5048.0;2
278100;Vladimir;Remy;STARFRUIT;SEASHELLS;5047.0;1
278500;Remy;Vladimir;STARFRUIT;SEASHELLS;5053.0;1
278700;Rhianna;Valentina;AMETHYSTS;SEASHELLS;10002.0;1
278700;Remy;Vladimir;STARFRUIT;SEASHELLS;5053.0;1
278700;Rhianna;Remy;AMETHYSTS;SEASHELLS;10002.0;1
278700;Rhianna;Valentina;STARFRUIT;SEASHELLS;5052.0;3
279000;Remy;Vladimir;STARFRUIT;SEASHELLS;5053.0;1
279300;Vinnie;Remy;STARFRUIT;SEASHELLS;5049.0;1
279600;Vinnie;Remy;STARFRUIT;SEASHELLS;5049.0;1
279600;Remy;Valentina;AMETHYSTS;SEASHELLS;10002.0;1
280000;Vinnie;Ruby;AMETHYSTS;SEASHELLS;9996.0;1
280000;Valentina;Ruby;AMETHYSTS;SEASHELLS;9996.0;1
280500;Valentina;Remy;STARFRUIT;SEASHELLS;5047.0;2
280500;Vinnie;Remy;AMETHYSTS;SEASHELLS;9996.0;1
280500;Vinnie;Remy;STARFRUIT;SEASHELLS;5048.0;1
280700;Remy;Valentina;STARFRUIT;SEASHELLS;5053.0;1
280800;Rhianna;Valentina;AMETHYSTS;SEASHELLS;10002.0;1
280800;Rhianna;Vladimir;AMETHYSTS;SEASHELLS;10002.0;1
280900;Rhianna;Valentina;STARFRUIT;SEASHELLS;5053.0;5
281200;Valentina;Ruby;AMETHYSTS;SEASHELLS;9998.0;3
281200;Vladimir;Ruby;AMETHYSTS;SEASHELLS;9998.0;4
281300;Remy;Valentina;STARFRUIT;SEASHELLS;5053.0;1
281400;Valentina;Rhianna;STARFRUIT;SEASHELLS;5049.0;2
281700;Remy;Valentina;STARFRUIT;SEASHELLS;5055.0;1
281700;Remy;Vinnie;AMETHYSTS;SEASHELLS;10004.0;1
282100;Valentina;Remy;STARFRUIT;SEASHELLS;5050.0;1
282800;Vladimir;Remy;AMETHYSTS;SEASHELLS;9998.0;1
282900;Remy;Valentina;STARFRUIT;SEASHELLS;5056.0;1
283400;Valentina;Remy;STARFRUIT;SEASHELLS;5051.0;1
283500;Valentina;Rhianna;STARFRUIT;SEASHELLS;5052.0;5
283600;Remy;Vinnie;AMETHYSTS;SEASHELLS;10004.0;2
283600;Vladimir;Remy;STARFRUIT;SEASHELLS;5051.0;1
283600;Remy;Vinnie;STARFRUIT;SEASHELLS;5057.0;2
283700;Remy;Vladimir;STARFRUIT;SEASHELLS;5057.0;1
283900;Vladimir;Remy;STARFRUIT;SEASHELLS;5051.0;1
284200;Ruby;Valentina;STARFRUIT;SEASHELLS;5057.0;10
284700;Valentina;Remy;STARFRUIT;SEASHELLS;5050.0;2
284700;Vinnie;Remy;AMETHYSTS;SEASHELLS;9996.0;2
284800;Valentina;Remy;STARFRUIT;SEASHELLS;5050.0;1
285000;Vinnie;Ruby;AMETHYSTS;SEASHELLS;9996.0;1
285500;Vinnie;Amelia;STARFRUIT;SEASHELLS;5053.0;1
285500;Vinnie;Remy;STARFRUIT;SEASHELLS;5050.0;1
285500;Valentina;Amelia;STARFRUIT;SEASHELLS;5053.0;12
285700;Vinnie;Remy;STARFRUIT;SEASHELLS;5051.0;1
286400;Remy;Vinnie;AMETHYSTS;SEASHELLS;10004.0;1
286400;Remy;Valentina;STARFRUIT;SEASHELLS;5057.0;1
286500;Remy;Vladimir;STARFRUIT;SEASHELLS;5056.0;1
286600;Remy;Valentina;STARFRUIT;SEASHELLS;5058.0;1
286600;Remy;Vinnie;AMETHYSTS;SEASHELLS;10004.0;1
286800;Valentina;Remy;AMETHYSTS;SEASHELLS;9998.0;1
287000;Remy;Valentina;STARFRUIT;SEASHELLS;5056.0;1
287200;Remy;Amelia;AMETHYSTS;SEASHELLS;10002.0;1
287900;Valentina;Ruby;STARFRUIT;SEASHELLS;5047.0;4
288900;Ruby;Valentina;STARFRUIT;SEASHELLS;5055.0;5
289300;Adam;Valentina;STARFRUIT;SEASHELLS;5054.0;2
289300;Adam;Vladimir;STARFRUIT;SEASHELLS;5054.0;6
289600;Valentina;Amelia;STARFRUIT;SEASHELLS;5050.0;12
289900;Valentina;Remy;AMETHYSTS;SEASHELLS;9995.0;2
289900;Ruby;Valentina;AMETHYSTS;SEASHELLS;10005.0;2
289900;Valentina;Remy;STARFRUIT;SEASHELLS;5050.0;2
290200;Remy;Vladimir;STARFRUIT;SEASHELLS;5056.0;1
290400;Ruby;Vinnie;AMETHYSTS;SEASHELLS;10004.0;2
290400;Remy;Valentina;AMETHYSTS;SEASHELLS;10005.0;1
290400;Remy;Valentina;STARFRUIT;SEASHELLS;5058.0;1
290400;Ruby;Valentina;AMETHYSTS;SEASHELLS;10004.0;6
290800;Valentina;Remy;AMETHYSTS;SEASHELLS;9998.0;1
290800;Valentina;Rhianna;STARFRUIT;SEASHELLS;5051.0;4
290900;Vinnie;Remy;AMETHYSTS;SEASHELLS;9996.0;1
290900;Valentina;Remy;STARFRUIT;SEASHELLS;5050.0;1
291200;Vladimir;Remy;AMETHYSTS;SEASHELLS;9998.0;1
291400;Valentina;Remy;STARFRUIT;SEASHELLS;5049.0;1
291500;Valentina;Ruby;AMETHYSTS;SEASHELLS;9995.0;7
291600;Ruby;Vinnie;AMETHYSTS;SEASHELLS;10004.0;2
291900;Vladimir;Rhianna;STARFRUIT;SEASHELLS;5050.0;2
292200;Ruby;Valentina;STARFRUIT;SEASHELLS;5056.0;15
292400;Amelia;Valentina;STARFRUIT;SEASHELLS;5057.0;13
292500;Valentina;Remy;AMETHYSTS;SEASHELLS;9998.0;1
292600;Remy;Valentina;STARFRUIT;SEASHELLS;5057.0;1
292600;Remy;Vinnie;AMETHYSTS;SEASHELLS;10004.0;1
292800;Remy;Valentina;STARFRUIT;SEASHELLS;5056.0;1
292800;Remy;Valentina;AMETHYSTS;SEASHELLS;10002.0;1
292900;Amelia;Vinnie;AMETHYSTS;SEASHELLS;10004.0;2
293500;Remy;Rhianna;STARFRUIT;SEASHELLS;5053.0;1
293500;Valentina;Rhianna;STARFRUIT;SEASHELLS;5053.0;4
293500;Valentina;Vinnie;STARFRUIT;SEASHELLS;5054.0;4
293500;Remy;Vinnie;AMETHYSTS;SEASHELLS;10000.0;1
293800;Vinnie;Remy;STARFRUIT;SEASHELLS;5053.0;1
293900;Vladimir;Remy;AMETHYSTS;SEASHELLS;9998.0;1
293900;Remy;Remy;STARFRUIT;SEASHELLS;5058.0;1
294200;Vinnie;Rhianna;STARFRUIT;SEASHELLS;5053.0;3
294200;Ruby;Rhianna;STARFRUIT;SEASHELLS;5053.0;2
294300;Vinnie;Remy;AMETHYSTS;SEASHELLS;9996.0;1
294300;Valentina;Remy;STARFRUIT;SEASHELLS;5051.0;2
294400;Ruby;Valentina;AMETHYSTS;SEASHELLS;10005.0;3
294500;Valentina;Rhianna;AMETHYSTS;SEASHELLS;9998.0;1
294600;Amelia;Valentina;STARFRUIT;SEASHELLS;5057.0;15
295000;Valentina;Adam;STARFRUIT;SEASHELLS;5051.0;10
295600;Vladimir;Remy;STARFRUIT;SEASHELLS;5049.0;1
296400;Vladimir;Rhianna;AMETHYSTS;SEASHELLS;9998.0;5
296800;Rhianna;Valentina;AMETHYSTS;SEASHELLS;10002.0;5
297100;Vinnie;Ruby;STARFRUIT;SEASHELLS;5050.0;1
297100;Remy;Vinnie;AMETHYSTS;SEASHELLS;10004.0;1
297100;Remy;Ruby;STARFRUIT;SEASHELLS;5050.0;1
297600;Valentina;Remy;STARFRUIT;SEASHELLS;5049.0;2
297600;Rhianna;Remy;AMETHYSTS;SEASHELLS;10002.0;2
298400;Valentina;Remy;AMETHYSTS;SEASHELLS;9998.0;1
298700;Valentina;Amelia;STARFRUIT;SEASHELLS;5045.0;15
298900;Valentina;Remy;AMETHYSTS;SEASHELLS;9995.0;1
298900;Valentina;Remy;STARFRUIT;SEASHELLS;5045.0;1
299200;Vinnie;Amelia;AMETHYSTS;SEASHELLS;9996.0;2
299200;Valentina;Amelia;AMETHYSTS;SEASHELLS;9996.0;10
299400;Valentina;Remy;STARFRUIT;SEASHELLS;5047.0;2
299400;Vinnie;Remy;AMETHYSTS;SEASHELLS;9996.0;1
299400;Valentina;Remy;STARFRUIT;SEASHELLS;5047.0;1
299500;Valentina;Vinnie;STARFRUIT;SEASHELLS;5050.0;5
299600;Valentina;Remy;STARFRUIT;SEASHELLS;5048.0;1
299700;Valentina;Rhianna;STARFRUIT;SEASHELLS;5049.0;2
299800;Ruby;Remy;AMETHYSTS;SEASHELLS;9998.0;1
299800;Remy;Vinnie;AMETHYSTS;SEASHELLS;10004.0;1
299800;Remy;Valentina;STARFRUIT;SEASHELLS;5054.0;1
299900;Vinnie;Remy;AMETHYSTS;SEASHELLS;9996.0;1
299900;Vinnie;Remy;STARFRUIT;SEASHELLS;5048.0;1
300300;Remy;Vladimir;STARFRUIT;SEASHELLS;5053.0;1
300400;Valentina;Remy;STARFRUIT;SEASHELLS;5048.0;2
300400;Valentina;Remy;STARFRUIT;SEASHELLS;5048.0;1
300400;Valentina;Remy;AMETHYSTS;SEASHELLS;9995.0;2
300700;Remy;Vladimir;STARFRUIT;SEASHELLS;5054.0;1
300800;Valentina;Remy;STARFRUIT;SEASHELLS;5049.0;1
301200;Remy;Valentina;AMETHYSTS;SEASHELLS;10004.0;1
301200;Remy;Amelia;STARFRUIT;SEASHELLS;5054.0;1
301200;Remy;Vinnie;AMETHYSTS;SEASHELLS;10004.0;1
301200;Remy;Amelia;STARFRUIT;SEASHELLS;5054.0;2
301200;Adam;Valentina;STARFRUIT;SEASHELLS;5053.0;7
301800;Valentina;Ruby;STARFRUIT;SEASHELLS;5047.0;14
301900;Remy;Valentina;AMETHYSTS;SEASHELLS;10002.0;1
302100;Vladimir;Remy;AMETHYSTS;SEASHELLS;9998.0;1
302400;Vladimir;Remy;STARFRUIT;SEASHELLS;5047.0;1
302600;Valentina;Remy;AMETHYSTS;SEASHELLS;9998.0;1
302700;Valentina;Remy;AMETHYSTS;SEASHELLS;9998.0;1
303000;Vladimir;Rhianna;AMETHYSTS;SEASHELLS;9998.0;5
303100;Valentina;Remy;STARFRUIT;SEASHELLS;5049.0;1
303100;Vladimir;Remy;AMETHYSTS;SEASHELLS;9998.0;1
303500;Rhianna;Valentina;STARFRUIT;SEASHELLS;5054.0;5
303900;Valentina;Remy;AMETHYSTS;SEASHELLS;9998.0;1
304400;Remy;Valentina;STARFRUIT;SEASHELLS;5054.0;1
304600;Valentina;Vinnie;STARFRUIT;SEASHELLS;5052.0;1
304600;Remy;Vinnie;STARFRUIT;SEASHELLS;5054.0;1
305100;Rhianna;Valentina;AMETHYSTS;SEASHELLS;10002.0;1
305200;Rhianna;Valentina;AMETHYSTS;SEASHELLS;10002.0;1
305300;Valentina;Rhianna;AMETHYSTS;SEASHELLS;9998.0;5
305500;Valentina;Vinnie;STARFRUIT;SEASHELLS;5053.0;5
305700;Valentina;Remy;STARFRUIT;SEASHELLS;5051.0;1
305700;Valentina;Rhianna;STARFRUIT;SEASHELLS;5052.0;4
305900;Remy;Vladimir;STARFRUIT;SEASHELLS;5055.0;1
305900;Valentina;Remy;STARFRUIT;SEASHELLS;5049.0;2
305900;Vinnie;Remy;AMETHYSTS;SEASHELLS;9996.0;1
306100;Remy;Valentina;STARFRUIT;SEASHELLS;5056.0;1
306100;Remy;Valentina;AMETHYSTS;SEASHELLS;10005.0;1
306100;Ruby;Vinnie;AMETHYSTS;SEASHELLS;10004.0;1
306500;Vinnie;Amelia;AMETHYSTS;SEASHELLS;9996.0;2
306800;Valentina;Ruby;STARFRUIT;SEASHELLS;5046.0;8
307000;Vladimir;Rhianna;AMETHYSTS;SEASHELLS;9998.0;3
307200;Valentina;Remy;AMETHYSTS;SEASHELLS;9995.0;2
307200;Valentina;Remy;STARFRUIT;SEASHELLS;5045.0;2
307300;Valentina;Vinnie;STARFRUIT;SEASHELLS;5049.0;6
307500;Remy;Valentina;STARFRUIT;SEASHELLS;5051.0;1
307700;Valentina;Remy;STARFRUIT;SEASHELLS;5045.0;1
308500;Valentina;Remy;AMETHYSTS;SEASHELLS;9995.0;1
308500;Remy;Remy;STARFRUIT;SEASHELLS;5050.0;1
308600;Valentina;Remy;STARFRUIT;SEASHELLS;5045.0;1
308600;Vladimir;Remy;AMETHYSTS;SEASHELLS;9998.0;1
308900;Valentina;Amelia;STARFRUIT;SEASHELLS;5043.0;9
309000;Valentina;Remy;STARFRUIT;SEASHELLS;5044.0;1
309200;Valentina;Vinnie;STARFRUIT;SEASHELLS;5047.0;2
309300;Vladimir;Remy;AMETHYSTS;SEASHELLS;9998.0;1
309400;Remy;Valentina;STARFRUIT;SEASHELLS;5050.0;1
309400;Remy;Valentina;AMETHYSTS;SEASHELLS;10002.0;1
309800;Remy;Valentina;AMETHYSTS;SEASHELLS;10002.0;1
310000;Remy;Valentina;AMETHYSTS;SEASHELLS;10002.0;1
310100;Remy;Vladimir;STARFRUIT;SEASHELLS;5050.0;1
310500;Remy;Rhianna;AMETHYSTS;SEASHELLS;9998.0;1
310700;Rhianna;Valentina;STARFRUIT;SEASHELLS;5050.0;3
310800;Remy;Valentina;STARFRUIT;SEASHELLS;5050.0;1
310900;Valentina;Remy;STARFRUIT;SEASHELLS;5046.0;1
311000;Valentina;Remy;AMETHYSTS;SEASHELLS;9998.0;1
311100;Remy;Valentina;STARFRUIT;SEASHELLS;5050.0;1
311300;Vladimir;Rhianna;STARFRUIT;SEASHELLS;5047.0;1
311600;Valentina;Rhianna;STARFRUIT;SEASHELLS;5046.0;3
311600;Valentina;Vinnie;STARFRUIT;SEASHELLS;5048.0;3
311700;Valentina;Remy;STARFRUIT;SEASHELLS;5045.0;1
311800;Remy;Vladimir;AMETHYSTS;SEASHELLS;10002.0;1
312100;Valentina;Remy;STARFRUIT;SEASHELLS;5045.0;1
312300;Vinnie;Amelia;STARFRUIT;SEASHELLS;5045.0;1
312300;Vinnie;Ruby;AMETHYSTS;SEASHELLS;9996.0;1
312400;Valentina;Remy;AMETHYSTS;SEASHELLS;9998.0;1
312500;Amelia;Vladimir;STARFRUIT;SEASHELLS;5049.0;5
312500;Vinnie;Remy;STARFRUIT;SEASHELLS;5045.0;1
312700;Ruby;Vinnie;STARFRUIT;SEASHELLS;5051.0;1
313500;Amelia;Vinnie;AMETHYSTS;SEASHELLS;10004.0;2
313500;Amelia;Valentina;AMETHYSTS;SEASHELLS;10004.0;6
314200;Valentina;Remy;STARFRUIT;SEASHELLS;5043.0;2
314200;Vinnie;Remy;AMETHYSTS;SEASHELLS;9996.0;1
314400;Vinnie;Remy;STARFRUIT;SEASHELLS;5044.0;1
314400;Vinnie;Remy;AMETHYSTS;SEASHELLS;9996.0;1
314800;Rhianna;Valentina;AMETHYSTS;SEASHELLS;10002.0;4
314900;Vinnie;Remy;AMETHYSTS;SEASHELLS;9996.0;1
314900;Valentina;Remy;STARFRUIT;SEASHELLS;5043.0;1
315100;Valentina;Remy;STARFRUIT;SEASHELLS;5043.0;1
315100;Vladimir;Rhianna;AMETHYSTS;SEASHELLS;9998.0;1
315200;Ruby;Valentina;STARFRUIT;SEASHELLS;5049.0;11
315800;Rhianna;Vladimir;STARFRUIT;SEASHELLS;5047.0;5
316000;Remy;Valentina;STARFRUIT;SEASHELLS;5048.0;1
316400;Adam;Valentina;STARFRUIT;SEASHELLS;5048.0;9
316400;Remy;Valentina;AMETHYSTS;SEASHELLS;10002.0;1
316600;Vinnie;Remy;AMETHYSTS;SEASHELLS;9996.0;2
316600;Vinnie;Remy;STARFRUIT;SEASHELLS;5044.0;2
317000;Remy;Valentina;STARFRUIT;SEASHELLS;5051.0;1
317000;Remy;Remy;AMETHYSTS;SEASHELLS;9998.0;1
317100;Valentina;Remy;STARFRUIT;SEASHELLS;5045.0;1
317200;Valentina;Remy;STARFRUIT;SEASHELLS;5046.0;1
317300;Valentina;Remy;AMETHYSTS;SEASHELLS;9998.0;1
317400;Valentina;Remy;STARFRUIT;SEASHELLS;5046.0;1
317400;Valentina;Vinnie;STARFRUIT;SEASHELLS;5048.0;5
317500;Remy;Vladimir;STARFRUIT;SEASHELLS;5051.0;1
317900;Remy;Valentina;STARFRUIT;SEASHELLS;5050.0;1
318500;Remy;Vladimir;STARFRUIT;SEASHELLS;5050.0;1
318500;Ruby;Vladimir;STARFRUIT;SEASHELLS;5049.0;4
318600;Vinnie;Remy;AMETHYSTS;SEASHELLS;9996.0;1
318600;Valentina;Remy;STARFRUIT;SEASHELLS;5044.0;2
318600;Valentina;Remy;AMETHYSTS;SEASHELLS;9996.0;1
319000;Remy;Valentina;STARFRUIT;SEASHELLS;5050.0;1
319300;Vinnie;Amelia;AMETHYSTS;SEASHELLS;9996.0;1
319500;Ruby;Vladimir;AMETHYSTS;SEASHELLS;10002.0;7
319500;Remy;Vladimir;AMETHYSTS;SEASHELLS;10002.0;1
319800;Valentina;Rhianna;STARFRUIT;SEASHELLS;5046.0;4
320000;Remy;Valentina;AMETHYSTS;SEASHELLS;10002.0;1
320100;Ruby;Valentina;AMETHYSTS;SEASHELLS;10005.0;2
320300;Remy;Vladimir;AMETHYSTS;SEASHELLS;10002.0;1
320600;Vinnie;Remy;AMETHYSTS;SEASHELLS;9996.0;1
320600;Vinnie;Remy;STARFRUIT;SEASHELLS;5044.0;1
320900;Vladimir;Ruby;STARFRUIT;SEASHELLS;5044.0;1
321000;Valentina;Remy;STARFRUIT;SEASHELLS;5043.0;1
321200;Vladimir;Remy;AMETHYSTS;SEASHELLS;9998.0;1
321500;Remy;Valentina;AMETHYSTS;SEASHELLS;10002.0;1
321600;Valentina;Remy;AMETHYSTS;SEASHELLS;9998.0;1
321700;Rhianna;Vladimir;AMETHYSTS;SEASHELLS;10002.0;2
322400;Valentina;Amelia;STARFRUIT;SEASHELLS;5043.0;14
322600;Rhianna;Valentina;STARFRUIT;SEASHELLS;5047.0;3
322600;Remy;Valentina;AMETHYSTS;SEASHELLS;10002.0;1
322700;Valentina;Ruby;STARFRUIT;SEASHELLS;5043.0;15
322900;Vladimir;Remy;AMETHYSTS;SEASHELLS;9998.0;1
322900;Vladimir;Remy;AMETHYSTS;SEASHELLS;9998.0;2
322900;Vladimir;Ruby;AMETHYSTS;SEASHELLS;9998.0;5
322900;Valentina;Remy;STARFRUIT;SEASHELLS;5043.0;2
323000;Remy;Valentina;STARFRUIT;SEASHELLS;5048.0;1
323600;Remy;Valentina;STARFRUIT;SEASHELLS;5049.0;1
323700;Rhianna;Valentina;AMETHYSTS;SEASHELLS;10002.0;2
323700;Remy;Rhianna;STARFRUIT;SEASHELLS;5045.0;1
323700;Valentina;Rhianna;STARFRUIT;SEASHELLS;5045.0;4
324100;Remy;Valentina;STARFRUIT;SEASHELLS;5050.0;2
324100;Remy;Vinnie;AMETHYSTS;SEASHELLS;10004.0;1
324100;Remy;Valentina;AMETHYSTS;SEASHELLS;10004.0;1
324600;Remy;Valentina;AMETHYSTS;SEASHELLS;10002.0;1
324600;Valentina;Amelia;STARFRUIT;SEASHELLS;5043.0;8
324600;Vinnie;Amelia;STARFRUIT;SEASHELLS;5043.0;2
324800;Remy;Adam;STARFRUIT;SEASHELLS;5048.0;1
324800;Valentina;Adam;STARFRUIT;SEASHELLS;5044.0;6
325200;Valentina;Vinnie;STARFRUIT;SEASHELLS;5046.0;2
325400;Vladimir;Remy;AMETHYSTS;SEASHELLS;9998.0;1
325400;Valentina;Remy;STARFRUIT;SEASHELLS;5044.0;1
325600;Remy;Valentina;STARFRUIT;SEASHELLS;5050.0;1
325600;Remy;Vinnie;AMETHYSTS;SEASHELLS;10004.0;1
326200;Remy;Vinnie;AMETHYSTS;SEASHELLS;10004.0;1
326200;Remy;Valentina;STARFRUIT;SEASHELLS;5051.0;1
326200;Rhianna;Valentina;AMETHYSTS;SEASHELLS;10002.0;1
326500;Valentina;Vinnie;STARFRUIT;SEASHELLS;5048.0;6
326800;Valentina;Amelia;STARFRUIT;SEASHELLS;5046.0;12
326900;Adam;Vladimir;AMETHYSTS;SEASHELLS;10002.0;2
326900;Valentina;Remy;STARFRUIT;SEASHELLS;5046.0;1
327300;Remy;Valentina;STARFRUIT;SEASHELLS;5054.0;1
327300;Remy;Valentina;AMETHYSTS;SEASHELLS;10005.0;1
327400;Remy;Remy;AMETHYSTS;SEASHELLS;10002.0;1
327400;Vinnie;Remy;STARFRUIT;SEASHELLS;5048.0;2
327800;Valentina;Remy;STARFRUIT;SEASHELLS;5047.0;1
328400;Remy;Valentina;STARFRUIT;SEASHELLS;5052.0;1
328700;Valentina;Remy;STARFRUIT;SEASHELLS;5046.0;2
328700;Valentina;Remy;AMETHYSTS;SEASHELLS;9995.0;2
329500;Remy;Valentina;AMETHYSTS;SEASHELLS;10005.0;2
329500;Remy;Valentina;STARFRUIT;SEASHELLS;5052.0;2
329700;Valentina;Remy;STARFRUIT;SEASHELLS;5045.0;1
330200;Remy;Valentina;STARFRUIT;SEASHELLS;5050.0;1
330300;Remy;Vladimir;STARFRUIT;SEASHELLS;5050.0;1
330300;Remy;Valentina;STARFRUIT;SEASHELLS;5050.0;1
330300;Remy;Vladimir;AMETHYSTS;SEASHELLS;10002.0;2
330400;Adam;Valentina;STARFRUIT;SEASHELLS;5050.0;9
330400;Adam;Remy;STARFRUIT;SEASHELLS;5046.0;1
330600;Vladimir;Remy;STARFRUIT;SEASHELLS;5045.0;1
330800;Remy;Valentina;STARFRUIT;SEASHELLS;5052.0;1
330800;Remy;Vinnie;AMETHYSTS;SEASHELLS;10004.0;1
331000;Valentina;Vinnie;STARFRUIT;SEASHELLS;5047.0;5
331100;Vladimir;Remy;STARFRUIT;SEASHELLS;5046.0;1
331200;Vinnie;Remy;STARFRUIT;SEASHELLS;5045.0;1
331200;Remy;Remy;AMETHYSTS;SEASHELLS;10002.0;1
331400;Vladimir;Remy;AMETHYSTS;SEASHELLS;9998.0;1
331800;Remy;Valentina;AMETHYSTS;SEASHELLS;10002.0;1
331800;Rhianna;Valentina;STARFRUIT;SEASHELLS;5049.0;2
332100;Vladimir;Remy;AMETHYSTS;SEASHELLS;9998.0;1
332100;Valentina;Remy;STARFRUIT;SEASHELLS;5044.0;1
332300;Vladimir;Remy;STARFRUIT;SEASHELLS;5045.0;1
332300;Remy;Valentina;AMETHYSTS;SEASHELLS;10002.0;1
332400;Remy;Valentina;AMETHYSTS;SEASHELLS;10005.0;2
332400;Remy;Valentina;STARFRUIT;SEASHELLS;5052.0;2
332600;Vinnie;Ruby;STARFRUIT;SEASHELLS;5046.0;2
332700;Amelia;Vinnie;AMETHYSTS;SEASHELLS;10004.0;2
332900;Valentina;Amelia;STARFRUIT;SEASHELLS;5044.0;10
333700;Valentina;Amelia;STARFRUIT;SEASHELLS;5043.0;15
334000;Remy;Vinnie;STARFRUIT;SEASHELLS;5048.0;1
334000;Valentina;Vinnie;STARFRUIT;SEASHELLS;5045.0;5
336100;Vinnie;Remy;STARFRUIT;SEASHELLS;5040.0;1
336700;Remy;Vinnie;AMETHYSTS;SEASHELLS;10004.0;1
336700;Ruby;Vladimir;STARFRUIT;SEASHELLS;5047.0;7
336700;Remy;Vladimir;STARFRUIT;SEASHELLS;5047.0;1
336900;Valentina;Vinnie;STARFRUIT;SEASHELLS;5044.0;4
337000;Valentina;Remy;AMETHYSTS;SEASHELLS;9998.0;1
337100;Vladimir;Remy;AMETHYSTS;SEASHELLS;9998.0;1
337500;Ruby;Valentina;STARFRUIT;SEASHELLS;5049.0;15
337900;Remy;Vladimir;STARFRUIT;SEASHELLS;5049.0;1
338100;Valentina;Ruby;STARFRUIT;SEASHELLS;5043.0;14
338200;Vladimir;Rhianna;STARFRUIT;SEASHELLS;5045.0;2
338200;Vinnie;Remy;AMETHYSTS;SEASHELLS;9996.0;1
338200;Vladimir;Remy;STARFRUIT;SEASHELLS;5045.0;1
338300;Vinnie;Remy;STARFRUIT;SEASHELLS;5045.0;1
338400;Valentina;Remy;AMETHYSTS;SEASHELLS;9998.0;1
339700;Valentina;Ruby;AMETHYSTS;SEASHELLS;9995.0;2
340400;Vinnie;Remy;AMETHYSTS;SEASHELLS;9996.0;1
340400;Valentina;Remy;STARFRUIT;SEASHELLS;5041.0;1
340900;Valentina;Ruby;STARFRUIT;SEASHELLS;5041.0;14
341100;Ruby;Vladimir;STARFRUIT;SEASHELLS;5047.0;2
341100;Ruby;Valentina;STARFRUIT;SEASHELLS;5047.0;10
341100;Valentina;Remy;AMETHYSTS;SEASHELLS;9998.0;1
341400;Remy;Valentina;STARFRUIT;SEASHELLS;5049.0;1
342000;Remy;Valentina;AMETHYSTS;SEASHELLS;10002.0;1
342700;Rhianna;Valentina;STARFRUIT;SEASHELLS;5052.0;3
342800;Ruby;Vinnie;AMETHYSTS;SEASHELLS;10004.0;1
342800;Ruby;Remy;AMETHYSTS;SEASHELLS;10004.0;1
342800;Ruby;Valentina;AMETHYSTS;SEASHELLS;10004.0;1
342800;Valentina;Remy;STARFRUIT;SEASHELLS;5047.0;1
342900;Valentina;Remy;STARFRUIT;SEASHELLS;5047.0;2
342900;Vinnie;Remy;STARFRUIT;SEASHELLS;5048.0;1
342900;Vinnie;Remy;AMETHYSTS;SEASHELLS;9996.0;1
343200;Rhianna;Valentina;AMETHYSTS;SEASHELLS;10002.0;3
343300;Valentina;Remy;STARFRUIT;SEASHELLS;5048.0;1
343400;Ruby;Valentina;STARFRUIT;SEASHELLS;5055.0;10
343800;Remy;Valentina;STARFRUIT;SEASHELLS;5053.0;1
344100;Valentina;Remy;AMETHYSTS;SEASHELLS;9998.0;1
344300;Rhianna;Valentina;AMETHYSTS;SEASHELLS;10002.0;3
344800;Valentina;Ruby;AMETHYSTS;SEASHELLS;9995.0;5
344900;Valentina;Remy;STARFRUIT;SEASHELLS;5048.0;2
344900;Valentina;Remy;AMETHYSTS;SEASHELLS;9995.0;2
345200;Remy;Vladimir;STARFRUIT;SEASHELLS;5054.0;1
345300;Valentina;Remy;AMETHYSTS;SEASHELLS;9998.0;1
345500;Remy;Valentina;STARFRUIT;SEASHELLS;5054.0;1
346100;Vinnie;Ruby;STARFRUIT;SEASHELLS;5049.0;1
346100;Valentina;Ruby;STARFRUIT;SEASHELLS;5049.0;4
346800;Ruby;Valentina;AMETHYSTS;SEASHELLS;10005.0;5
346900;Valentina;Remy;AMETHYSTS;SEASHELLS;9998.0;1
347100;Remy;Valentina;AMETHYSTS;SEASHELLS;10002.0;1
347300;Amelia;Vinnie;AMETHYSTS;SEASHELLS;10004.0;2
347900;Valentina;Ruby;AMETHYSTS;SEASHELLS;9995.0;7
348100;Vladimir;Rhianna;AMETHYSTS;SEASHELLS;9998.0;5
348700;Vladimir;Rhianna;STARFRUIT;SEASHELLS;5045.0;4
349300;Remy;Valentina;STARFRUIT;SEASHELLS;5050.0;1
350300;Rhianna;Valentina;AMETHYSTS;SEASHELLS;10002.0;2
350400;Valentina;Remy;STARFRUIT;SEASHELLS;5046.0;1
350600;Amelia;Vladimir;STARFRUIT;SEASHELLS;5052.0;5
350600;Amelia;Valentina;STARFRUIT;SEASHELLS;5052.0;7
350900;Remy;Valentina;STARFRUIT;SEASHELLS;5053.0;1
351000;Remy;Valentina;AMETHYSTS;SEASHELLS;10002.0;1
351700;Vladimir;Remy;AMETHYSTS;SEASHELLS;9998.0;1
351900;Vladimir;Remy;STARFRUIT;SEASHELLS;5046.0;1
351900;Rhianna;Remy;AMETHYSTS;SEASHELLS;10002.0;1
352800;Valentina;Rhianna;STARFRUIT;SEASHELLS;5048.0;3
353100;Rhianna;Vladimir;AMETHYSTS;SEASHELLS;10002.0;1
353200;Remy;Vladimir;STARFRUIT;SEASHELLS;5050.0;1
353900;Valentina;Remy;STARFRUIT;SEASHELLS;5044.0;1
353900;Vinnie;Amelia;AMETHYSTS;SEASHELLS;9996.0;1
354600;Valentina;Remy;STARFRUIT;SEASHELLS;5044.0;1
355000;Remy;Valentina;AMETHYSTS;SEASHELLS;10002.0;1
355000;Remy;Valentina;STARFRUIT;SEASHELLS;5049.0;1
355600;Vladimir;Remy;STARFRUIT;SEASHELLS;5044.0;1
355700;Ruby;Valentina;AMETHYSTS;SEASHELLS;10005.0;4
355800;Vladimir;Remy;STARFRUIT;SEASHELLS;5044.0;1
356000;Amelia;Vladimir;STARFRUIT;SEASHELLS;5049.0;8
356100;Vladimir;Ruby;STARFRUIT;SEASHELLS;5045.0;1
356100;Valentina;Ruby;STARFRUIT;SEASHELLS;5045.0;9
356800;Valentina;Rhianna;AMETHYSTS;SEASHELLS;9998.0;4
356900;Vladimir;Remy;STARFRUIT;SEASHELLS;5046.0;1
357100;Vladimir;Rhianna;STARFRUIT;SEASHELLS;5047.0;4
357100;Vladimir;Remy;STARFRUIT;SEASHELLS;5046.0;1
357200;Vladimir;Ruby;AMETHYSTS;SEASHELLS;9998.0;7
357400;Valentina;Rhianna;AMETHYSTS;SEASHELLS;9998.0;1
357600;Valentina;Remy;AMETHYSTS;SEASHELLS;9995.0;2
357600;Valentina;Remy;STARFRUIT;SEASHELLS;5045.0;2
358100;Vladimir;Remy;STARFRUIT;SEASHELLS;5046.0;1
358500;Valentina;Remy;AMETHYSTS;SEASHELLS;9998.0;1
358600;Ruby;Valentina;STARFRUIT;SEASHELLS;5054.0;8
358900;Remy;Remy;AMETHYSTS;SEASHELLS;10002.0;1
358900;Rhianna;Valentina;STARFRUIT;SEASHELLS;5051.0;3
358900;Rhianna;Remy;STARFRUIT;SEASHELLS;5051.0;1
359100;Ruby;Vinnie;AMETHYSTS;SEASHELLS;10004.0;1
359300;Remy;Valentina;AMETHYSTS;SEASHELLS;10005.0;1
359300;Remy;Vladimir;STARFRUIT;SEASHELLS;5052.0;1
359700;Remy;Valentina;AMETHYSTS;SEASHELLS;10002.0;1
359900;Vinnie;Remy;STARFRUIT;SEASHELLS;5048.0;1
