timestamp;buyer;seller;symbol;currency;price;quantity
0;;;STARFRUIT;SEASHELLS;5047.0;13
0;;;STARFRUIT;SEASHELLS;5047.0;1
0;;;AMETHYSTS;SEASHELLS;10004.0;1
1100;;;AMETHYSTS;SEASHELLS;9996.0;2
1700;;;AMETHYSTS;SEASHELLS;10002.0;1
1700;;;STARFRUIT;SEASHELLS;5043.0;8
1800;;;AMETHYSTS;SEASHELLS;10002.0;1
1900;;;STARFRUIT;SEASHELLS;5044.0;1
2000;;;AMETHYSTS;SEASHELLS;9998.0;1
2400;;;STARFRUIT;SEASHELLS;5038.0;1
2900;;;AMETHYSTS;SEASHELLS;9996.0;1
2900;;;AMETHYSTS;SEASHELLS;9996.0;11
3000;;;AMETHYSTS;SEASHELLS;10005.0;1
3000;;;STARFRUIT;SEASHELLS;5045.0;1
3100;;;AMETHYSTS;SEASHELLS;9996.0;2
3100;;;STARFRUIT;SEASHELLS;5037.0;2
3200;;;STARFRUIT;SEASHELLS;5037.0;1
3200;;;AMETHYSTS;SEASHELLS;9996.0;1
3200;;;STARFRUIT;SEASHELLS;5037.0;1
3200;;;AMETHYSTS;SEASHELLS;9996.0;1
3700;;;AMETHYSTS;SEASHELLS;10002.0;1
3800;;;STARFRUIT;SEASHELLS;5037.0;14
3800;;;STARFRUIT;SEASHELLS;5037.0;1
3800;;;AMETHYSTS;SEASHELLS;9996.0;1
4200;;;AMETHYSTS;SEASHELLS;9996.0;2
4300;;;STARFRUIT;SEASHELLS;5043.0;1
4300;;;STARFRUIT;SEASHELLS;5039.0;2
4300;;;AMETHYSTS;SEASHELLS;9995.0;2
4500;;;STARFRUIT;SEASHELLS;5038.0;1
4800;;;AMETHYSTS;SEASHELLS;10004.0;2
4800;;;STARFRUIT;SEASHELLS;5044.0;2
5300;;;STARFRUIT;SEASHELLS;5042.0;1
5700;;;STARFRUIT;SEASHELLS;5037.0;1
6100;;;STARFRUIT;SEASHELLS;5038.0;1
6500;;;AMETHYSTS;SEASHELLS;9998.0;1
6600;;;AMETHYSTS;SEASHELLS;10004.0;2
6700;;;AMETHYSTS;SEASHELLS;10002.0;3
6900;;;AMETHYSTS;SEASHELLS;10002.0;1
6900;;;STARFRUIT;SEASHELLS;5043.0;1
7000;;;STARFRUIT;SEASHELLS;5045.0;2
7000;;;AMETHYSTS;SEASHELLS;10005.0;2
7300;;;STARFRUIT;SEASHELLS;5044.0;2
7300;;;AMETHYSTS;SEASHELLS;10004.0;2
7400;;;STARFRUIT;SEASHELLS;5038.0;1
7700;;;STARFRUIT;SEASHELLS;5040.0;1
8100;;;AMETHYSTS;SEASHELLS;9996.0;1
8100;;;AMETHYSTS;SEASHELLS;9996.0;1
8100;;;STARFRUIT;SEASHELLS;5046.0;1
8800;;;AMETHYSTS;SEASHELLS;9998.0;1
9200;;;STARFRUIT;SEASHELLS;5044.0;1
10300;;;AMETHYSTS;SEASHELLS;9998.0;1
10300;;;STARFRUIT;SEASHELLS;5043.0;1
10400;;;AMETHYSTS;SEASHELLS;10002.0;1
10800;;;AMETHYSTS;SEASHELLS;10004.0;2
10800;;;AMETHYSTS;SEASHELLS;10004.0;10
11100;;;AMETHYSTS;SEASHELLS;9998.0;4
11100;;;AMETHYSTS;SEASHELLS;9998.0;3
11300;;;STARFRUIT;SEASHELLS;5040.0;3
11400;;;AMETHYSTS;SEASHELLS;9996.0;1
11400;;;STARFRUIT;SEASHELLS;5039.0;2
11500;;;AMETHYSTS;SEASHELLS;10002.0;2
11700;;;STARFRUIT;SEASHELLS;5041.0;2
11800;;;STARFRUIT;SEASHELLS;5043.0;4
11800;;;STARFRUIT;SEASHELLS;5045.0;1
12000;;;AMETHYSTS;SEASHELLS;10002.0;1
12400;;;STARFRUIT;SEASHELLS;5046.0;15
13000;;;STARFRUIT;SEASHELLS;5044.0;1
13000;;;AMETHYSTS;SEASHELLS;10002.0;1
13200;;;AMETHYSTS;SEASHELLS;9998.0;2
13300;;;AMETHYSTS;SEASHELLS;10005.0;2
13300;;;STARFRUIT;SEASHELLS;5044.0;2
13600;;;STARFRUIT;SEASHELLS;5038.0;1
14200;;;STARFRUIT;SEASHELLS;5039.0;1
15000;;;STARFRUIT;SEASHELLS;5043.0;2
15000;;;STARFRUIT;SEASHELLS;5043.0;8
15200;;;STARFRUIT;SEASHELLS;5037.0;1
15300;;;AMETHYSTS;SEASHELLS;10002.0;1
15400;;;AMETHYSTS;SEASHELLS;9998.0;1
15600;;;AMETHYSTS;SEASHELLS;10004.0;2
15600;;;STARFRUIT;SEASHELLS;5043.0;2
15700;;;AMETHYSTS;SEASHELLS;10002.0;1
15800;;;STARFRUIT;SEASHELLS;5042.0;1
16200;;;AMETHYSTS;SEASHELLS;9998.0;1
16200;;;STARFRUIT;SEASHELLS;5038.0;1
16200;;;STARFRUIT;SEASHELLS;5038.0;1
16300;;;AMETHYSTS;SEASHELLS;10004.0;1
16400;;;AMETHYSTS;SEASHELLS;10002.0;1
16600;;;STARFRUIT;SEASHELLS;5038.0;1
16700;;;STARFRUIT;SEASHELLS;5043.0;1
16700;;;AMETHYSTS;SEASHELLS;10002.0;1
16800;;;AMETHYSTS;SEASHELLS;9995.0;5
18200;;;STARFRUIT;SEASHELLS;5036.0;1
18500;;;STARFRUIT;SEASHELLS;5040.0;1
19300;;;STARFRUIT;SEASHELLS;5034.0;1
19300;;;AMETHYSTS;SEASHELLS;9996.0;1
19700;;;STARFRUIT;SEASHELLS;5033.0;1
19700;;;AMETHYSTS;SEASHELLS;10002.0;1
20100;;;AMETHYSTS;SEASHELLS;10002.0;1
20100;;;AMETHYSTS;SEASHELLS;10002.0;4
20200;;;AMETHYSTS;SEASHELLS;9998.0;1
20300;;;STARFRUIT;SEASHELLS;5034.0;1
20500;;;AMETHYSTS;SEASHELLS;9998.0;1
20700;;;AMETHYSTS;SEASHELLS;10002.0;1
21200;;;AMETHYSTS;SEASHELLS;9998.0;1
21300;;;AMETHYSTS;SEASHELLS;9996.0;1
21300;;;AMETHYSTS;SEASHELLS;9996.0;7
21700;;;STARFRUIT;SEASHELLS;5041.0;8
22100;;;STARFRUIT;SEASHELLS;5035.0;1
22200;;;AMETHYSTS;SEASHELLS;9998.0;6
22400;;;AMETHYSTS;SEASHELLS;9998.0;1
22500;;;STARFRUIT;SEASHELLS;5041.0;2
22700;;;STARFRUIT;SEASHELLS;5035.0;1
22800;;;STARFRUIT;SEASHELLS;5035.0;1
22800;;;AMETHYSTS;SEASHELLS;9998.0;2
23200;;;AMETHYSTS;SEASHELLS;9998.0;2
23200;;;STARFRUIT;SEASHELLS;5035.0;2
23300;;;AMETHYSTS;SEASHELLS;9998.0;1
23500;;;STARFRUIT;SEASHELLS;5035.0;1
23700;;;AMETHYSTS;SEASHELLS;10002.0;1
23900;;;STARFRUIT;SEASHELLS;5041.0;1
24100;;;STARFRUIT;SEASHELLS;5041.0;1
24100;;;AMETHYSTS;SEASHELLS;9996.0;7
24100;;;AMETHYSTS;SEASHELLS;9996.0;1
24500;;;AMETHYSTS;SEASHELLS;10002.0;1
24500;;;STARFRUIT;SEASHELLS;5037.0;1
24600;;;STARFRUIT;SEASHELLS;5041.0;5
24600;;;AMETHYSTS;SEASHELLS;9998.0;2
24900;;;STARFRUIT;SEASHELLS;5042.0;4
25100;;;AMETHYSTS;SEASHELLS;10002.0;1
25200;;;AMETHYSTS;SEASHELLS;10002.0;1
25200;;;AMETHYSTS;SEASHELLS;9998.0;5
25200;;;AMETHYSTS;SEASHELLS;9998.0;3
25200;;;STARFRUIT;SEASHELLS;5042.0;1
25300;;;STARFRUIT;SEASHELLS;5037.0;1
25700;;;AMETHYSTS;SEASHELLS;10004.0;2
26000;;;STARFRUIT;SEASHELLS;5036.0;2
26000;;;STARFRUIT;SEASHELLS;5036.0;5
26300;;;AMETHYSTS;SEASHELLS;9998.0;1
26400;;;STARFRUIT;SEASHELLS;5037.0;1
26600;;;AMETHYSTS;SEASHELLS;9998.0;1
27300;;;STARFRUIT;SEASHELLS;5042.0;1
27600;;;STARFRUIT;SEASHELLS;5038.0;1
27600;;;AMETHYSTS;SEASHELLS;9998.0;4
27800;;;STARFRUIT;SEASHELLS;5043.0;1
27900;;;STARFRUIT;SEASHELLS;5042.0;1
28200;;;STARFRUIT;SEASHELLS;5042.0;5
28200;;;AMETHYSTS;SEASHELLS;9998.0;2
28200;;;STARFRUIT;SEASHELLS;5042.0;6
28400;;;STARFRUIT;SEASHELLS;5037.0;1
29000;;;AMETHYSTS;SEASHELLS;10005.0;8
29000;;;STARFRUIT;SEASHELLS;5037.0;1
29300;;;STARFRUIT;SEASHELLS;5042.0;10
29300;;;STARFRUIT;SEASHELLS;5042.0;2
29400;;;AMETHYSTS;SEASHELLS;10002.0;1
29700;;;STARFRUIT;SEASHELLS;5038.0;1
30000;;;AMETHYSTS;SEASHELLS;9998.0;1
30000;;;AMETHYSTS;SEASHELLS;9998.0;3
30200;;;STARFRUIT;SEASHELLS;5044.0;10
30300;;;STARFRUIT;SEASHELLS;5044.0;1
30600;;;STARFRUIT;SEASHELLS;5038.0;1
30600;;;AMETHYSTS;SEASHELLS;10002.0;1
30600;;;STARFRUIT;SEASHELLS;5044.0;1
31300;;;STARFRUIT;SEASHELLS;5038.0;13
31600;;;STARFRUIT;SEASHELLS;5043.0;1
31900;;;AMETHYSTS;SEASHELLS;10005.0;2
32400;;;STARFRUIT;SEASHELLS;5037.0;1
32500;;;STARFRUIT;SEASHELLS;5037.0;1
32600;;;AMETHYSTS;SEASHELLS;10005.0;2
32600;;;STARFRUIT;SEASHELLS;5044.0;2
32600;;;AMETHYSTS;SEASHELLS;10002.0;1
32800;;;AMETHYSTS;SEASHELLS;9996.0;2
33000;;;AMETHYSTS;SEASHELLS;10002.0;6
33200;;;STARFRUIT;SEASHELLS;5035.0;10
33200;;;STARFRUIT;SEASHELLS;5035.0;1
33500;;;STARFRUIT;SEASHELLS;5041.0;1
33500;;;AMETHYSTS;SEASHELLS;10004.0;1
33600;;;AMETHYSTS;SEASHELLS;10002.0;6
33800;;;STARFRUIT;SEASHELLS;5040.0;3
34100;;;AMETHYSTS;SEASHELLS;9996.0;1
34100;;;AMETHYSTS;SEASHELLS;9996.0;2
34200;;;STARFRUIT;SEASHELLS;5034.0;9
34300;;;AMETHYSTS;SEASHELLS;10002.0;1
34600;;;STARFRUIT;SEASHELLS;5035.0;1
35000;;;STARFRUIT;SEASHELLS;5040.0;1
35000;;;AMETHYSTS;SEASHELLS;10002.0;1
35100;;;AMETHYSTS;SEASHELLS;10002.0;3
35300;;;STARFRUIT;SEASHELLS;5041.0;1
35400;;;STARFRUIT;SEASHELLS;5040.0;1
35400;;;AMETHYSTS;SEASHELLS;10002.0;3
35800;;;STARFRUIT;SEASHELLS;5035.0;2
36100;;;AMETHYSTS;SEASHELLS;10002.0;1
36200;;;AMETHYSTS;SEASHELLS;9998.0;1
36400;;;STARFRUIT;SEASHELLS;5039.0;1
36500;;;STARFRUIT;SEASHELLS;5036.0;2
37300;;;STARFRUIT;SEASHELLS;5034.0;1
37500;;;AMETHYSTS;SEASHELLS;9996.0;1
37500;;;STARFRUIT;SEASHELLS;5034.0;1
37800;;;STARFRUIT;SEASHELLS;5033.0;1
38500;;;AMETHYSTS;SEASHELLS;10002.0;1
38600;;;STARFRUIT;SEASHELLS;5031.0;1
38600;;;AMETHYSTS;SEASHELLS;9996.0;1
38800;;;AMETHYSTS;SEASHELLS;9996.0;1
39200;;;STARFRUIT;SEASHELLS;5035.0;1
39200;;;AMETHYSTS;SEASHELLS;9998.0;1
39400;;;STARFRUIT;SEASHELLS;5034.0;1
39400;;;AMETHYSTS;SEASHELLS;10004.0;1
39500;;;AMETHYSTS;SEASHELLS;9998.0;1
40500;;;STARFRUIT;SEASHELLS;5032.0;1
40900;;;AMETHYSTS;SEASHELLS;10004.0;1
40900;;;AMETHYSTS;SEASHELLS;10004.0;8
40900;;;AMETHYSTS;SEASHELLS;10004.0;2
40900;;;STARFRUIT;SEASHELLS;5033.0;1
41000;;;STARFRUIT;SEASHELLS;5033.0;1
41500;;;STARFRUIT;SEASHELLS;5038.0;5
41700;;;STARFRUIT;SEASHELLS;5032.0;1
41900;;;STARFRUIT;SEASHELLS;5036.0;1
42000;;;STARFRUIT;SEASHELLS;5035.0;5
42000;;;STARFRUIT;SEASHELLS;5031.0;1
42300;;;STARFRUIT;SEASHELLS;5032.0;7
42400;;;STARFRUIT;SEASHELLS;5032.0;1
42500;;;AMETHYSTS;SEASHELLS;10002.0;1
42500;;;AMETHYSTS;SEASHELLS;10002.0;3
42500;;;STARFRUIT;SEASHELLS;5031.0;1
42600;;;STARFRUIT;SEASHELLS;5031.0;2
42600;;;AMETHYSTS;SEASHELLS;9995.0;2
42900;;;STARFRUIT;SEASHELLS;5038.0;2
42900;;;AMETHYSTS;SEASHELLS;10005.0;2
43900;;;AMETHYSTS;SEASHELLS;10002.0;4
44500;;;STARFRUIT;SEASHELLS;5036.0;1
44800;;;AMETHYSTS;SEASHELLS;9998.0;1
45000;;;AMETHYSTS;SEASHELLS;10002.0;1
45500;;;STARFRUIT;SEASHELLS;5033.0;3
45800;;;STARFRUIT;SEASHELLS;5030.0;1
45900;;;AMETHYSTS;SEASHELLS;10004.0;1
45900;;;STARFRUIT;SEASHELLS;5036.0;2
45900;;;AMETHYSTS;SEASHELLS;10004.0;1
46600;;;AMETHYSTS;SEASHELLS;9998.0;2
46600;;;STARFRUIT;SEASHELLS;5032.0;2
46900;;;STARFRUIT;SEASHELLS;5037.0;1
47100;;;STARFRUIT;SEASHELLS;5033.0;4
47100;;;AMETHYSTS;SEASHELLS;9998.0;1
47500;;;AMETHYSTS;SEASHELLS;10002.0;4
48100;;;STARFRUIT;SEASHELLS;5031.0;1
48100;;;AMETHYSTS;SEASHELLS;9995.0;2
48600;;;STARFRUIT;SEASHELLS;5032.0;1
48600;;;STARFRUIT;SEASHELLS;5031.0;1
48600;;;AMETHYSTS;SEASHELLS;9996.0;1
49000;;;STARFRUIT;SEASHELLS;5032.0;1
49200;;;STARFRUIT;SEASHELLS;5037.0;11
49300;;;STARFRUIT;SEASHELLS;5031.0;1
49400;;;STARFRUIT;SEASHELLS;5035.0;5
49400;;;STARFRUIT;SEASHELLS;5036.0;9
49500;;;STARFRUIT;SEASHELLS;5038.0;6
49600;;;STARFRUIT;SEASHELLS;5037.0;1
49800;;;STARFRUIT;SEASHELLS;5032.0;5
49900;;;AMETHYSTS;SEASHELLS;9998.0;6
49900;;;AMETHYSTS;SEASHELLS;10005.0;2
49900;;;STARFRUIT;SEASHELLS;5038.0;2
50400;;;AMETHYSTS;SEASHELLS;9998.0;1
50600;;;STARFRUIT;SEASHELLS;5032.0;8
50600;;;STARFRUIT;SEASHELLS;5031.0;1
50600;;;AMETHYSTS;SEASHELLS;10002.0;1
51300;;;STARFRUIT;SEASHELLS;5030.0;13
51600;;;AMETHYSTS;SEASHELLS;10002.0;1
51600;;;AMETHYSTS;SEASHELLS;10002.0;1
51600;;;STARFRUIT;SEASHELLS;5036.0;2
51700;;;AMETHYSTS;SEASHELLS;9995.0;11
51700;;;STARFRUIT;SEASHELLS;5031.0;4
51900;;;AMETHYSTS;SEASHELLS;9996.0;1
52100;;;AMETHYSTS;SEASHELLS;9995.0;8
52300;;;STARFRUIT;SEASHELLS;5034.0;1
52300;;;AMETHYSTS;SEASHELLS;10002.0;1
52600;;;STARFRUIT;SEASHELLS;5032.0;4
52700;;;STARFRUIT;SEASHELLS;5029.0;1
52900;;;AMETHYSTS;SEASHELLS;10005.0;6
53900;;;AMETHYSTS;SEASHELLS;10004.0;2
53900;;;STARFRUIT;SEASHELLS;5035.0;2
54100;;;STARFRUIT;SEASHELLS;5028.0;1
54100;;;AMETHYSTS;SEASHELLS;9998.0;1
54300;;;AMETHYSTS;SEASHELLS;10004.0;2
54300;;;AMETHYSTS;SEASHELLS;10004.0;1
54300;;;STARFRUIT;SEASHELLS;5032.0;1
54600;;;AMETHYSTS;SEASHELLS;10002.0;3
54700;;;STARFRUIT;SEASHELLS;5030.0;4
55000;;;STARFRUIT;SEASHELLS;5030.0;1
55100;;;AMETHYSTS;SEASHELLS;10005.0;2
55100;;;STARFRUIT;SEASHELLS;5037.0;2
55200;;;STARFRUIT;SEASHELLS;5031.0;5
55700;;;AMETHYSTS;SEASHELLS;9996.0;1
55700;;;STARFRUIT;SEASHELLS;5031.0;1
56700;;;STARFRUIT;SEASHELLS;5034.0;2
57200;;;AMETHYSTS;SEASHELLS;10002.0;2
57200;;;STARFRUIT;SEASHELLS;5035.0;1
57500;;;STARFRUIT;SEASHELLS;5034.0;5
57800;;;AMETHYSTS;SEASHELLS;9998.0;1
57900;;;AMETHYSTS;SEASHELLS;9998.0;1
57900;;;STARFRUIT;SEASHELLS;5032.0;2
58000;;;STARFRUIT;SEASHELLS;5036.0;12
58000;;;AMETHYSTS;SEASHELLS;9998.0;4
58100;;;AMETHYSTS;SEASHELLS;10005.0;3
58400;;;STARFRUIT;SEASHELLS;5029.0;15
58600;;;AMETHYSTS;SEASHELLS;10002.0;1
58800;;;AMETHYSTS;SEASHELLS;9995.0;12
59100;;;STARFRUIT;SEASHELLS;5037.0;1
59100;;;AMETHYSTS;SEASHELLS;10005.0;1
59300;;;STARFRUIT;SEASHELLS;5031.0;1
60000;;;AMETHYSTS;SEASHELLS;10005.0;1
60000;;;STARFRUIT;SEASHELLS;5037.0;1
60000;;;AMETHYSTS;SEASHELLS;9998.0;2
60200;;;AMETHYSTS;SEASHELLS;9995.0;8
60200;;;STARFRUIT;SEASHELLS;5034.0;1
60200;;;STARFRUIT;SEASHELLS;5034.0;3
60700;;;STARFRUIT;SEASHELLS;5035.0;1
60800;;;STARFRUIT;SEASHELLS;5030.0;1
61200;;;STARFRUIT;SEASHELLS;5032.0;2
61900;;;AMETHYSTS;SEASHELLS;9998.0;1
61900;;;STARFRUIT;SEASHELLS;5035.0;2
62000;;;STARFRUIT;SEASHELLS;5034.0;1
62200;;;AMETHYSTS;SEASHELLS;10002.0;4
62300;;;AMETHYSTS;SEASHELLS;10005.0;2
62900;;;AMETHYSTS;SEASHELLS;9998.0;4
63000;;;STARFRUIT;SEASHELLS;5033.0;1
63100;;;STARFRUIT;SEASHELLS;5028.0;1
63400;;;STARFRUIT;SEASHELLS;5032.0;5
63600;;;STARFRUIT;SEASHELLS;5032.0;1
63800;;;STARFRUIT;SEASHELLS;5027.0;1
63900;;;AMETHYSTS;SEASHELLS;9995.0;12
64000;;;STARFRUIT;SEASHELLS;5027.0;1
64000;;;AMETHYSTS;SEASHELLS;9998.0;1
64200;;;AMETHYSTS;SEASHELLS;9996.0;1
64200;;;AMETHYSTS;SEASHELLS;9996.0;2
64400;;;AMETHYSTS;SEASHELLS;9998.0;4
64500;;;AMETHYSTS;SEASHELLS;9998.0;1
65000;;;AMETHYSTS;SEASHELLS;9998.0;1
65100;;;AMETHYSTS;SEASHELLS;9996.0;1
65100;;;AMETHYSTS;SEASHELLS;9996.0;2
65300;;;AMETHYSTS;SEASHELLS;10002.0;2
65400;;;STARFRUIT;SEASHELLS;5030.0;3
66000;;;AMETHYSTS;SEASHELLS;9998.0;1
66300;;;STARFRUIT;SEASHELLS;5033.0;1
66900;;;STARFRUIT;SEASHELLS;5032.0;1
67100;;;STARFRUIT;SEASHELLS;5034.0;9
67200;;;STARFRUIT;SEASHELLS;5027.0;1
67300;;;AMETHYSTS;SEASHELLS;9998.0;5
67500;;;STARFRUIT;SEASHELLS;5027.0;1
67600;;;STARFRUIT;SEASHELLS;5034.0;12
68000;;;STARFRUIT;SEASHELLS;5026.0;6
68100;;;AMETHYSTS;SEASHELLS;9998.0;2
68200;;;STARFRUIT;SEASHELLS;5031.0;1
68300;;;STARFRUIT;SEASHELLS;5032.0;1
68600;;;STARFRUIT;SEASHELLS;5027.0;1
68900;;;STARFRUIT;SEASHELLS;5032.0;1
69100;;;STARFRUIT;SEASHELLS;5026.0;1
69100;;;STARFRUIT;SEASHELLS;5026.0;8
69100;;;STARFRUIT;SEASHELLS;5031.0;1
69200;;;STARFRUIT;SEASHELLS;5030.0;1
69200;;;STARFRUIT;SEASHELLS;5029.0;2
69300;;;STARFRUIT;SEASHELLS;5030.0;1
69300;;;AMETHYSTS;SEASHELLS;9998.0;1
69700;;;STARFRUIT;SEASHELLS;5025.0;2
69700;;;AMETHYSTS;SEASHELLS;10002.0;1
70100;;;STARFRUIT;SEASHELLS;5025.0;1
70300;;;AMETHYSTS;SEASHELLS;9998.0;2
70600;;;AMETHYSTS;SEASHELLS;9996.0;1
70600;;;STARFRUIT;SEASHELLS;5026.0;2
70800;;;STARFRUIT;SEASHELLS;5025.0;1
71200;;;AMETHYSTS;SEASHELLS;10002.0;1
71200;;;STARFRUIT;SEASHELLS;5026.0;1
71500;;;AMETHYSTS;SEASHELLS;10002.0;3
71700;;;STARFRUIT;SEASHELLS;5026.0;8
71900;;;AMETHYSTS;SEASHELLS;10002.0;1
72000;;;STARFRUIT;SEASHELLS;5030.0;1
72200;;;STARFRUIT;SEASHELLS;5029.0;3
72400;;;AMETHYSTS;SEASHELLS;10002.0;1
72500;;;AMETHYSTS;SEASHELLS;10004.0;1
72500;;;STARFRUIT;SEASHELLS;5032.0;1
72900;;;STARFRUIT;SEASHELLS;5031.0;1
72900;;;AMETHYSTS;SEASHELLS;10004.0;1
73000;;;AMETHYSTS;SEASHELLS;10002.0;1
73000;;;STARFRUIT;SEASHELLS;5025.0;1
73100;;;AMETHYSTS;SEASHELLS;10002.0;1
73900;;;STARFRUIT;SEASHELLS;5026.0;5
73900;;;STARFRUIT;SEASHELLS;5026.0;3
74000;;;AMETHYSTS;SEASHELLS;10002.0;1
74300;;;STARFRUIT;SEASHELLS;5027.0;1
74900;;;AMETHYSTS;SEASHELLS;10002.0;1
75000;;;AMETHYSTS;SEASHELLS;9998.0;1
75000;;;STARFRUIT;SEASHELLS;5033.0;1
75000;;;AMETHYSTS;SEASHELLS;9995.0;9
75200;;;STARFRUIT;SEASHELLS;5031.0;3
75500;;;STARFRUIT;SEASHELLS;5027.0;2
75500;;;AMETHYSTS;SEASHELLS;9996.0;2
75600;;;AMETHYSTS;SEASHELLS;10002.0;1
75900;;;STARFRUIT;SEASHELLS;5027.0;6
76100;;;AMETHYSTS;SEASHELLS;9998.0;1
76200;;;STARFRUIT;SEASHELLS;5028.0;1
76200;;;STARFRUIT;SEASHELLS;5028.0;13
76900;;;STARFRUIT;SEASHELLS;5028.0;5
77000;;;STARFRUIT;SEASHELLS;5034.0;2
77000;;;AMETHYSTS;SEASHELLS;10002.0;2
77100;;;STARFRUIT;SEASHELLS;5032.0;2
77200;;;STARFRUIT;SEASHELLS;5028.0;1
77200;;;STARFRUIT;SEASHELLS;5033.0;1
77600;;;STARFRUIT;SEASHELLS;5029.0;3
77600;;;STARFRUIT;SEASHELLS;5029.0;2
77900;;;AMETHYSTS;SEASHELLS;10002.0;3
78100;;;AMETHYSTS;SEASHELLS;10002.0;1
78100;;;STARFRUIT;SEASHELLS;5031.0;3
78100;;;STARFRUIT;SEASHELLS;5030.0;1
78500;;;AMETHYSTS;SEASHELLS;10004.0;10
78500;;;AMETHYSTS;SEASHELLS;10004.0;1
78800;;;AMETHYSTS;SEASHELLS;10002.0;1
78900;;;STARFRUIT;SEASHELLS;5035.0;1
78900;;;AMETHYSTS;SEASHELLS;10002.0;1
79000;;;STARFRUIT;SEASHELLS;5032.0;3
79100;;;STARFRUIT;SEASHELLS;5031.0;1
79200;;;STARFRUIT;SEASHELLS;5032.0;5
79200;;;AMETHYSTS;SEASHELLS;9998.0;3
79400;;;STARFRUIT;SEASHELLS;5032.0;1
79600;;;STARFRUIT;SEASHELLS;5031.0;13
79900;;;AMETHYSTS;SEASHELLS;9998.0;3
79900;;;STARFRUIT;SEASHELLS;5031.0;1
80500;;;STARFRUIT;SEASHELLS;5033.0;6
80600;;;STARFRUIT;SEASHELLS;5034.0;4
80900;;;STARFRUIT;SEASHELLS;5031.0;1
81100;;;STARFRUIT;SEASHELLS;5036.0;1
81400;;;AMETHYSTS;SEASHELLS;10004.0;1
81800;;;AMETHYSTS;SEASHELLS;10002.0;1
81900;;;AMETHYSTS;SEASHELLS;9998.0;1
82500;;;STARFRUIT;SEASHELLS;5033.0;1
82600;;;STARFRUIT;SEASHELLS;5035.0;3
82600;;;STARFRUIT;SEASHELLS;5035.0;1
82800;;;STARFRUIT;SEASHELLS;5041.0;1
82800;;;AMETHYSTS;SEASHELLS;10002.0;1
83100;;;STARFRUIT;SEASHELLS;5035.0;3
83100;;;AMETHYSTS;SEASHELLS;9998.0;1
83100;;;STARFRUIT;SEASHELLS;5035.0;1
83700;;;STARFRUIT;SEASHELLS;5035.0;1
84100;;;AMETHYSTS;SEASHELLS;9996.0;1
84100;;;AMETHYSTS;SEASHELLS;9996.0;8
84200;;;AMETHYSTS;SEASHELLS;9996.0;1
84200;;;AMETHYSTS;SEASHELLS;9996.0;2
84200;;;STARFRUIT;SEASHELLS;5036.0;1
84300;;;AMETHYSTS;SEASHELLS;10004.0;2
84500;;;STARFRUIT;SEASHELLS;5036.0;1
85100;;;STARFRUIT;SEASHELLS;5041.0;13
85100;;;STARFRUIT;SEASHELLS;5041.0;1
85600;;;STARFRUIT;SEASHELLS;5041.0;4
85800;;;STARFRUIT;SEASHELLS;5037.0;1
85900;;;AMETHYSTS;SEASHELLS;9998.0;1
86100;;;AMETHYSTS;SEASHELLS;10002.0;1
86200;;;STARFRUIT;SEASHELLS;5037.0;3
86700;;;STARFRUIT;SEASHELLS;5036.0;1
86700;;;AMETHYSTS;SEASHELLS;9998.0;1
87200;;;AMETHYSTS;SEASHELLS;9996.0;1
87400;;;STARFRUIT;SEASHELLS;5036.0;1
87700;;;STARFRUIT;SEASHELLS;5035.0;1
87900;;;AMETHYSTS;SEASHELLS;10005.0;1
87900;;;STARFRUIT;SEASHELLS;5042.0;1
88000;;;AMETHYSTS;SEASHELLS;9996.0;2
88000;;;STARFRUIT;SEASHELLS;5036.0;2
88100;;;STARFRUIT;SEASHELLS;5042.0;8
88300;;;STARFRUIT;SEASHELLS;5036.0;1
88500;;;STARFRUIT;SEASHELLS;5041.0;1
89100;;;STARFRUIT;SEASHELLS;5037.0;1
89100;;;AMETHYSTS;SEASHELLS;9998.0;1
89200;;;AMETHYSTS;SEASHELLS;10002.0;1
89600;;;STARFRUIT;SEASHELLS;5041.0;6
89600;;;AMETHYSTS;SEASHELLS;9996.0;1
89600;;;STARFRUIT;SEASHELLS;5041.0;2
89800;;;STARFRUIT;SEASHELLS;5037.0;1
89900;;;STARFRUIT;SEASHELLS;5037.0;2
89900;;;AMETHYSTS;SEASHELLS;9995.0;2
90000;;;AMETHYSTS;SEASHELLS;9998.0;1
90000;;;AMETHYSTS;SEASHELLS;9998.0;1
90100;;;AMETHYSTS;SEASHELLS;10002.0;3
90300;;;AMETHYSTS;SEASHELLS;9998.0;1
90900;;;STARFRUIT;SEASHELLS;5043.0;1
91000;;;STARFRUIT;SEASHELLS;5043.0;1
91100;;;AMETHYSTS;SEASHELLS;9996.0;1
91100;;;STARFRUIT;SEASHELLS;5037.0;1
91200;;;STARFRUIT;SEASHELLS;5037.0;1
91200;;;AMETHYSTS;SEASHELLS;9995.0;1
91500;;;STARFRUIT;SEASHELLS;5037.0;15
91700;;;STARFRUIT;SEASHELLS;5043.0;1
91700;;;STARFRUIT;SEASHELLS;5042.0;4
91700;;;AMETHYSTS;SEASHELLS;9998.0;1
92100;;;AMETHYSTS;SEASHELLS;9998.0;1
92200;;;AMETHYSTS;SEASHELLS;9996.0;1
92200;;;AMETHYSTS;SEASHELLS;9996.0;1
92200;;;STARFRUIT;SEASHELLS;5040.0;2
92200;;;STARFRUIT;SEASHELLS;5040.0;8
92300;;;STARFRUIT;SEASHELLS;5046.0;1
92700;;;AMETHYSTS;SEASHELLS;10002.0;2
92700;;;STARFRUIT;SEASHELLS;5041.0;1
92700;;;STARFRUIT;SEASHELLS;5040.0;1
92700;;;AMETHYSTS;SEASHELLS;10002.0;1
92900;;;AMETHYSTS;SEASHELLS;9998.0;1
92900;;;STARFRUIT;SEASHELLS;5040.0;1
93100;;;STARFRUIT;SEASHELLS;5044.0;3
93200;;;STARFRUIT;SEASHELLS;5044.0;1
93300;;;STARFRUIT;SEASHELLS;5044.0;1
93400;;;AMETHYSTS;SEASHELLS;9998.0;3
93600;;;AMETHYSTS;SEASHELLS;10004.0;1
93600;;;STARFRUIT;SEASHELLS;5046.0;1
93800;;;AMETHYSTS;SEASHELLS;9998.0;1
94200;;;AMETHYSTS;SEASHELLS;10002.0;1
94300;;;AMETHYSTS;SEASHELLS;10002.0;1
94400;;;AMETHYSTS;SEASHELLS;10005.0;1
94400;;;STARFRUIT;SEASHELLS;5045.0;1
94600;;;AMETHYSTS;SEASHELLS;9998.0;1
94900;;;STARFRUIT;SEASHELLS;5047.0;6
95000;;;AMETHYSTS;SEASHELLS;10005.0;1
95000;;;AMETHYSTS;SEASHELLS;10004.0;1
95000;;;STARFRUIT;SEASHELLS;5046.0;1
95600;;;STARFRUIT;SEASHELLS;5039.0;1
95700;;;AMETHYSTS;SEASHELLS;10002.0;1
95800;;;AMETHYSTS;SEASHELLS;10005.0;7
96000;;;STARFRUIT;SEASHELLS;5038.0;2
96000;;;AMETHYSTS;SEASHELLS;9996.0;1
96200;;;STARFRUIT;SEASHELLS;5039.0;1
96200;;;AMETHYSTS;SEASHELLS;9998.0;5
96300;;;STARFRUIT;SEASHELLS;5039.0;1
96800;;;AMETHYSTS;SEASHELLS;10002.0;3
96900;;;STARFRUIT;SEASHELLS;5039.0;14
97100;;;STARFRUIT;SEASHELLS;5039.0;1
97100;;;AMETHYSTS;SEASHELLS;9995.0;1
97200;;;STARFRUIT;SEASHELLS;5041.0;3
97200;;;STARFRUIT;SEASHELLS;5039.0;1
97200;;;STARFRUIT;SEASHELLS;5039.0;9
97300;;;STARFRUIT;SEASHELLS;5039.0;1
97600;;;AMETHYSTS;SEASHELLS;10002.0;7
97700;;;STARFRUIT;SEASHELLS;5044.0;1
97900;;;STARFRUIT;SEASHELLS;5039.0;1
98400;;;STARFRUIT;SEASHELLS;5043.0;7
98800;;;STARFRUIT;SEASHELLS;5043.0;1
98800;;;AMETHYSTS;SEASHELLS;10002.0;1
98900;;;STARFRUIT;SEASHELLS;5045.0;15
99000;;;STARFRUIT;SEASHELLS;5038.0;1
99400;;;AMETHYSTS;SEASHELLS;10005.0;2
99400;;;STARFRUIT;SEASHELLS;5045.0;2
99800;;;STARFRUIT;SEASHELLS;5046.0;4
100000;;;STARFRUIT;SEASHELLS;5044.0;1
100000;;;AMETHYSTS;SEASHELLS;10004.0;1
100200;;;AMETHYSTS;SEASHELLS;9998.0;1
100500;;;AMETHYSTS;SEASHELLS;9995.0;8
100700;;;AMETHYSTS;SEASHELLS;10002.0;1
101200;;;STARFRUIT;SEASHELLS;5040.0;1
101200;;;AMETHYSTS;SEASHELLS;10005.0;2
101200;;;STARFRUIT;SEASHELLS;5046.0;2
101500;;;STARFRUIT;SEASHELLS;5040.0;1
101500;;;AMETHYSTS;SEASHELLS;9998.0;3
101500;;;AMETHYSTS;SEASHELLS;10004.0;2
101500;;;STARFRUIT;SEASHELLS;5046.0;2
101600;;;STARFRUIT;SEASHELLS;5041.0;5
101600;;;STARFRUIT;SEASHELLS;5040.0;1
102200;;;STARFRUIT;SEASHELLS;5045.0;2
102200;;;STARFRUIT;SEASHELLS;5045.0;1
102200;;;AMETHYSTS;SEASHELLS;10005.0;2
102300;;;AMETHYSTS;SEASHELLS;9998.0;4
102600;;;AMETHYSTS;SEASHELLS;9998.0;2
102600;;;STARFRUIT;SEASHELLS;5044.0;2
102600;;;AMETHYSTS;SEASHELLS;9998.0;1
102700;;;AMETHYSTS;SEASHELLS;10005.0;6
103100;;;STARFRUIT;SEASHELLS;5047.0;1
103400;;;AMETHYSTS;SEASHELLS;10002.0;1
103400;;;STARFRUIT;SEASHELLS;5041.0;1
104000;;;STARFRUIT;SEASHELLS;5048.0;1
104300;;;STARFRUIT;SEASHELLS;5042.0;1
104700;;;AMETHYSTS;SEASHELLS;10002.0;1
104900;;;STARFRUIT;SEASHELLS;5046.0;1
104900;;;AMETHYSTS;SEASHELLS;10004.0;1
105200;;;STARFRUIT;SEASHELLS;5041.0;1
105200;;;STARFRUIT;SEASHELLS;5046.0;7
105400;;;AMETHYSTS;SEASHELLS;10002.0;1
105700;;;STARFRUIT;SEASHELLS;5047.0;1
106100;;;AMETHYSTS;SEASHELLS;9996.0;2
106100;;;AMETHYSTS;SEASHELLS;9996.0;5
106200;;;STARFRUIT;SEASHELLS;5048.0;13
106300;;;STARFRUIT;SEASHELLS;5042.0;1
106300;;;STARFRUIT;SEASHELLS;5042.0;4
106300;;;AMETHYSTS;SEASHELLS;9998.0;1
106300;;;STARFRUIT;SEASHELLS;5042.0;2
106500;;;AMETHYSTS;SEASHELLS;10005.0;10
106600;;;AMETHYSTS;SEASHELLS;9998.0;2
107400;;;AMETHYSTS;SEASHELLS;9995.0;1
107400;;;STARFRUIT;SEASHELLS;5042.0;1
107600;;;STARFRUIT;SEASHELLS;5047.0;1
108100;;;AMETHYSTS;SEASHELLS;9998.0;1
108400;;;STARFRUIT;SEASHELLS;5047.0;1
108500;;;STARFRUIT;SEASHELLS;5041.0;1
108600;;;AMETHYSTS;SEASHELLS;9998.0;3
108600;;;AMETHYSTS;SEASHELLS;9998.0;1
109000;;;STARFRUIT;SEASHELLS;5041.0;1
109100;;;STARFRUIT;SEASHELLS;5041.0;1
109300;;;STARFRUIT;SEASHELLS;5048.0;11
109300;;;STARFRUIT;SEASHELLS;5042.0;1
109700;;;STARFRUIT;SEASHELLS;5041.0;1
110000;;;AMETHYSTS;SEASHELLS;9996.0;1
110100;;;STARFRUIT;SEASHELLS;5039.0;1
110400;;;AMETHYSTS;SEASHELLS;10005.0;10
110400;;;STARFRUIT;SEASHELLS;5040.0;7
110700;;;STARFRUIT;SEASHELLS;5044.0;3
111000;;;AMETHYSTS;SEASHELLS;9998.0;1
111000;;;STARFRUIT;SEASHELLS;5045.0;1
111100;;;AMETHYSTS;SEASHELLS;9998.0;4
111100;;;STARFRUIT;SEASHELLS;5046.0;15
111300;;;STARFRUIT;SEASHELLS;5041.0;1
111700;;;STARFRUIT;SEASHELLS;5040.0;1
112100;;;AMETHYSTS;SEASHELLS;9998.0;5
112200;;;STARFRUIT;SEASHELLS;5044.0;1
113000;;;AMETHYSTS;SEASHELLS;10002.0;6
113300;;;STARFRUIT;SEASHELLS;5040.0;5
113700;;;STARFRUIT;SEASHELLS;5040.0;6
113700;;;STARFRUIT;SEASHELLS;5040.0;1
113700;;;STARFRUIT;SEASHELLS;5040.0;5
113700;;;STARFRUIT;SEASHELLS;5040.0;1
113800;;;STARFRUIT;SEASHELLS;5046.0;13
113800;;;AMETHYSTS;SEASHELLS;10002.0;1
113800;;;STARFRUIT;SEASHELLS;5039.0;2
114100;;;STARFRUIT;SEASHELLS;5044.0;1
114400;;;AMETHYSTS;SEASHELLS;10002.0;2
114800;;;STARFRUIT;SEASHELLS;5045.0;15
115100;;;STARFRUIT;SEASHELLS;5043.0;1
115300;;;AMETHYSTS;SEASHELLS;9998.0;1
115700;;;STARFRUIT;SEASHELLS;5042.0;1
116000;;;STARFRUIT;SEASHELLS;5038.0;1
116200;;;AMETHYSTS;SEASHELLS;9995.0;1
116200;;;STARFRUIT;SEASHELLS;5038.0;1
116800;;;AMETHYSTS;SEASHELLS;10002.0;3
116900;;;AMETHYSTS;SEASHELLS;9996.0;1
116900;;;AMETHYSTS;SEASHELLS;9996.0;7
117500;;;STARFRUIT;SEASHELLS;5040.0;2
117700;;;STARFRUIT;SEASHELLS;5040.0;5
117900;;;STARFRUIT;SEASHELLS;5041.0;4
118100;;;AMETHYSTS;SEASHELLS;10002.0;1
118200;;;STARFRUIT;SEASHELLS;5041.0;1
118300;;;STARFRUIT;SEASHELLS;5040.0;1
118500;;;STARFRUIT;SEASHELLS;5040.0;1
118700;;;STARFRUIT;SEASHELLS;5040.0;10
119100;;;STARFRUIT;SEASHELLS;5043.0;2
119300;;;AMETHYSTS;SEASHELLS;9998.0;1
119600;;;STARFRUIT;SEASHELLS;5039.0;1
119800;;;AMETHYSTS;SEASHELLS;10000.0;1
119800;;;STARFRUIT;SEASHELLS;5043.0;1
119800;;;STARFRUIT;SEASHELLS;5045.0;1
119900;;;STARFRUIT;SEASHELLS;5041.0;1
120000;;;AMETHYSTS;SEASHELLS;10002.0;1
120300;;;AMETHYSTS;SEASHELLS;9996.0;2
120300;;;STARFRUIT;SEASHELLS;5042.0;2
120400;;;STARFRUIT;SEASHELLS;5043.0;2
120500;;;AMETHYSTS;SEASHELLS;10002.0;1
120500;;;STARFRUIT;SEASHELLS;5043.0;1
120500;;;STARFRUIT;SEASHELLS;5043.0;5
120500;;;STARFRUIT;SEASHELLS;5043.0;3
120500;;;STARFRUIT;SEASHELLS;5043.0;4
120600;;;STARFRUIT;SEASHELLS;5041.0;1
121100;;;STARFRUIT;SEASHELLS;5042.0;1
121500;;;AMETHYSTS;SEASHELLS;10002.0;1
121500;;;STARFRUIT;SEASHELLS;5047.0;1
121800;;;AMETHYSTS;SEASHELLS;10002.0;1
121900;;;STARFRUIT;SEASHELLS;5045.0;1
122300;;;STARFRUIT;SEASHELLS;5039.0;3
122300;;;STARFRUIT;SEASHELLS;5039.0;2
122600;;;STARFRUIT;SEASHELLS;5044.0;1
122800;;;STARFRUIT;SEASHELLS;5044.0;6
122900;;;STARFRUIT;SEASHELLS;5045.0;1
123000;;;STARFRUIT;SEASHELLS;5039.0;1
123000;;;AMETHYSTS;SEASHELLS;9998.0;1
123200;;;STARFRUIT;SEASHELLS;5042.0;4
123600;;;STARFRUIT;SEASHELLS;5042.0;1
123700;;;AMETHYSTS;SEASHELLS;10002.0;6
123800;;;AMETHYSTS;SEASHELLS;9998.0;1
123800;;;STARFRUIT;SEASHELLS;5048.0;1
124000;;;STARFRUIT;SEASHELLS;5049.0;2
124000;;;AMETHYSTS;SEASHELLS;10005.0;2
124600;;;STARFRUIT;SEASHELLS;5046.0;1
125200;;;AMETHYSTS;SEASHELLS;10002.0;4
125300;;;STARFRUIT;SEASHELLS;5042.0;1
125400;;;AMETHYSTS;SEASHELLS;9998.0;1
125400;;;AMETHYSTS;SEASHELLS;9998.0;1
125900;;;STARFRUIT;SEASHELLS;5046.0;6
126300;;;STARFRUIT;SEASHELLS;5041.0;2
126300;;;AMETHYSTS;SEASHELLS;9995.0;2
126400;;;STARFRUIT;SEASHELLS;5043.0;2
126400;;;AMETHYSTS;SEASHELLS;9995.0;2
126400;;;STARFRUIT;SEASHELLS;5042.0;1
126700;;;AMETHYSTS;SEASHELLS;10002.0;2
127000;;;AMETHYSTS;SEASHELLS;9995.0;2
127000;;;STARFRUIT;SEASHELLS;5042.0;2
127400;;;STARFRUIT;SEASHELLS;5047.0;2
127400;;;AMETHYSTS;SEASHELLS;10005.0;2
127500;;;STARFRUIT;SEASHELLS;5043.0;1
127900;;;AMETHYSTS;SEASHELLS;10004.0;2
127900;;;AMETHYSTS;SEASHELLS;10004.0;7
128200;;;AMETHYSTS;SEASHELLS;10002.0;1
128400;;;STARFRUIT;SEASHELLS;5043.0;1
128400;;;AMETHYSTS;SEASHELLS;9996.0;1
128400;;;STARFRUIT;SEASHELLS;5045.0;2
128700;;;AMETHYSTS;SEASHELLS;10005.0;6
128900;;;STARFRUIT;SEASHELLS;5048.0;1
128900;;;STARFRUIT;SEASHELLS;5047.0;4
128900;;;AMETHYSTS;SEASHELLS;10002.0;2
129700;;;STARFRUIT;SEASHELLS;5048.0;3
130300;;;AMETHYSTS;SEASHELLS;10002.0;1
130400;;;STARFRUIT;SEASHELLS;5046.0;1
130700;;;STARFRUIT;SEASHELLS;5051.0;1
131000;;;STARFRUIT;SEASHELLS;5051.0;1
131700;;;STARFRUIT;SEASHELLS;5043.0;9
131800;;;STARFRUIT;SEASHELLS;5044.0;4
131800;;;STARFRUIT;SEASHELLS;5042.0;12
131800;;;STARFRUIT;SEASHELLS;5043.0;1
132100;;;AMETHYSTS;SEASHELLS;9998.0;1
132100;;;AMETHYSTS;SEASHELLS;9998.0;3
132300;;;AMETHYSTS;SEASHELLS;10002.0;4
132400;;;STARFRUIT;SEASHELLS;5048.0;1
132400;;;AMETHYSTS;SEASHELLS;10004.0;1
132500;;;STARFRUIT;SEASHELLS;5041.0;14
132500;;;AMETHYSTS;SEASHELLS;9998.0;1
132500;;;STARFRUIT;SEASHELLS;5041.0;1
133000;;;STARFRUIT;SEASHELLS;5041.0;13
133100;;;AMETHYSTS;SEASHELLS;10002.0;5
133100;;;AMETHYSTS;SEASHELLS;10004.0;4
133100;;;AMETHYSTS;SEASHELLS;10004.0;1
133200;;;AMETHYSTS;SEASHELLS;9996.0;1
133400;;;STARFRUIT;SEASHELLS;5041.0;1
133400;;;AMETHYSTS;SEASHELLS;9998.0;2
133500;;;STARFRUIT;SEASHELLS;5046.0;1
133700;;;STARFRUIT;SEASHELLS;5041.0;1
134000;;;STARFRUIT;SEASHELLS;5044.0;1
134000;;;STARFRUIT;SEASHELLS;5042.0;2
134100;;;AMETHYSTS;SEASHELLS;9998.0;2
134200;;;AMETHYSTS;SEASHELLS;10002.0;1
134300;;;AMETHYSTS;SEASHELLS;10002.0;1
134600;;;AMETHYSTS;SEASHELLS;10004.0;1
134600;;;AMETHYSTS;SEASHELLS;10004.0;1
134700;;;AMETHYSTS;SEASHELLS;10004.0;1
134700;;;AMETHYSTS;SEASHELLS;10004.0;1
134700;;;AMETHYSTS;SEASHELLS;10002.0;4
134900;;;AMETHYSTS;SEASHELLS;9998.0;1
134900;;;AMETHYSTS;SEASHELLS;9998.0;1
135400;;;STARFRUIT;SEASHELLS;5039.0;9
135500;;;STARFRUIT;SEASHELLS;5044.0;1
135600;;;AMETHYSTS;SEASHELLS;10002.0;1
135800;;;STARFRUIT;SEASHELLS;5042.0;3
135900;;;STARFRUIT;SEASHELLS;5046.0;2
135900;;;AMETHYSTS;SEASHELLS;10005.0;2
136000;;;AMETHYSTS;SEASHELLS;9998.0;1
136300;;;AMETHYSTS;SEASHELLS;10002.0;1
136500;;;AMETHYSTS;SEASHELLS;10004.0;2
136500;;;STARFRUIT;SEASHELLS;5040.0;1
137000;;;AMETHYSTS;SEASHELLS;9996.0;1
137100;;;AMETHYSTS;SEASHELLS;10002.0;3
137400;;;AMETHYSTS;SEASHELLS;10002.0;3
137600;;;STARFRUIT;SEASHELLS;5045.0;1
137700;;;AMETHYSTS;SEASHELLS;9998.0;2
137700;;;STARFRUIT;SEASHELLS;5041.0;3
137900;;;AMETHYSTS;SEASHELLS;10004.0;1
137900;;;STARFRUIT;SEASHELLS;5045.0;1
138100;;;AMETHYSTS;SEASHELLS;9996.0;2
138100;;;AMETHYSTS;SEASHELLS;9996.0;7
138300;;;AMETHYSTS;SEASHELLS;9995.0;7
138500;;;STARFRUIT;SEASHELLS;5044.0;11
138500;;;STARFRUIT;SEASHELLS;5044.0;2
138500;;;STARFRUIT;SEASHELLS;5038.0;1
138600;;;STARFRUIT;SEASHELLS;5041.0;2
138600;;;STARFRUIT;SEASHELLS;5038.0;1
138900;;;STARFRUIT;SEASHELLS;5038.0;1
138900;;;STARFRUIT;SEASHELLS;5038.0;9
139000;;;STARFRUIT;SEASHELLS;5038.0;1
139400;;;STARFRUIT;SEASHELLS;5039.0;1
139400;;;AMETHYSTS;SEASHELLS;10002.0;5
139400;;;STARFRUIT;SEASHELLS;5045.0;2
139400;;;AMETHYSTS;SEASHELLS;10004.0;1
139400;;;AMETHYSTS;SEASHELLS;10004.0;1
139600;;;AMETHYSTS;SEASHELLS;9998.0;1
139700;;;STARFRUIT;SEASHELLS;5040.0;4
139700;;;STARFRUIT;SEASHELLS;5039.0;1
140100;;;STARFRUIT;SEASHELLS;5039.0;1
141600;;;AMETHYSTS;SEASHELLS;10002.0;1
142300;;;STARFRUIT;SEASHELLS;5043.0;1
142800;;;AMETHYSTS;SEASHELLS;9998.0;2
143100;;;STARFRUIT;SEASHELLS;5039.0;1
143100;;;AMETHYSTS;SEASHELLS;10002.0;1
143600;;;AMETHYSTS;SEASHELLS;9995.0;1
143600;;;STARFRUIT;SEASHELLS;5039.0;1
144000;;;STARFRUIT;SEASHELLS;5043.0;1
144200;;;STARFRUIT;SEASHELLS;5043.0;1
144600;;;AMETHYSTS;SEASHELLS;10002.0;2
145000;;;AMETHYSTS;SEASHELLS;9998.0;1
145000;;;STARFRUIT;SEASHELLS;5037.0;1
145300;;;AMETHYSTS;SEASHELLS;9998.0;3
145400;;;STARFRUIT;SEASHELLS;5036.0;1
145400;;;AMETHYSTS;SEASHELLS;9998.0;1
145500;;;AMETHYSTS;SEASHELLS;10002.0;1
145500;;;STARFRUIT;SEASHELLS;5042.0;1
145600;;;STARFRUIT;SEASHELLS;5037.0;1
145700;;;AMETHYSTS;SEASHELLS;10004.0;8
145700;;;AMETHYSTS;SEASHELLS;10004.0;2
146000;;;STARFRUIT;SEASHELLS;5036.0;6
146300;;;AMETHYSTS;SEASHELLS;9998.0;1
146300;;;STARFRUIT;SEASHELLS;5036.0;15
146400;;;STARFRUIT;SEASHELLS;5036.0;9
146500;;;STARFRUIT;SEASHELLS;5041.0;1
146500;;;AMETHYSTS;SEASHELLS;10005.0;1
146600;;;AMETHYSTS;SEASHELLS;10000.0;4
146900;;;STARFRUIT;SEASHELLS;5036.0;1
147200;;;STARFRUIT;SEASHELLS;5043.0;14
147600;;;STARFRUIT;SEASHELLS;5036.0;1
147700;;;AMETHYSTS;SEASHELLS;10002.0;1
147800;;;STARFRUIT;SEASHELLS;5041.0;1
148000;;;STARFRUIT;SEASHELLS;5043.0;9
148200;;;STARFRUIT;SEASHELLS;5037.0;1
148700;;;AMETHYSTS;SEASHELLS;10005.0;2
148700;;;STARFRUIT;SEASHELLS;5042.0;2
148700;;;STARFRUIT;SEASHELLS;5035.0;1
149500;;;STARFRUIT;SEASHELLS;5041.0;1
149700;;;STARFRUIT;SEASHELLS;5043.0;5
149800;;;STARFRUIT;SEASHELLS;5041.0;1
149800;;;AMETHYSTS;SEASHELLS;10002.0;3
149800;;;AMETHYSTS;SEASHELLS;10002.0;2
150000;;;AMETHYSTS;SEASHELLS;9996.0;1
150200;;;AMETHYSTS;SEASHELLS;9998.0;1
150400;;;STARFRUIT;SEASHELLS;5036.0;1
150500;;;AMETHYSTS;SEASHELLS;10002.0;1
150600;;;STARFRUIT;SEASHELLS;5036.0;1
151500;;;STARFRUIT;SEASHELLS;5035.0;1
151600;;;STARFRUIT;SEASHELLS;5040.0;3
151600;;;STARFRUIT;SEASHELLS;5040.0;8
151600;;;STARFRUIT;SEASHELLS;5041.0;1
151600;;;AMETHYSTS;SEASHELLS;10002.0;3
152300;;;AMETHYSTS;SEASHELLS;10004.0;2
152300;;;STARFRUIT;SEASHELLS;5041.0;9
152300;;;STARFRUIT;SEASHELLS;5041.0;2
152600;;;STARFRUIT;SEASHELLS;5034.0;1
153000;;;AMETHYSTS;SEASHELLS;9995.0;3
153300;;;STARFRUIT;SEASHELLS;5041.0;14
153500;;;STARFRUIT;SEASHELLS;5041.0;1
153500;;;STARFRUIT;SEASHELLS;5039.0;2
153500;;;AMETHYSTS;SEASHELLS;9998.0;1
153600;;;STARFRUIT;SEASHELLS;5041.0;1
154300;;;AMETHYSTS;SEASHELLS;9996.0;1
154300;;;STARFRUIT;SEASHELLS;5034.0;6
154300;;;STARFRUIT;SEASHELLS;5034.0;2
154700;;;STARFRUIT;SEASHELLS;5042.0;11
154800;;;AMETHYSTS;SEASHELLS;10002.0;1
154900;;;STARFRUIT;SEASHELLS;5035.0;15
155100;;;STARFRUIT;SEASHELLS;5035.0;1
155200;;;AMETHYSTS;SEASHELLS;10002.0;1
155500;;;AMETHYSTS;SEASHELLS;9998.0;1
155700;;;STARFRUIT;SEASHELLS;5038.0;1
155700;;;AMETHYSTS;SEASHELLS;10005.0;1
156200;;;STARFRUIT;SEASHELLS;5033.0;7
156500;;;AMETHYSTS;SEASHELLS;10002.0;3
156600;;;AMETHYSTS;SEASHELLS;9996.0;1
156600;;;STARFRUIT;SEASHELLS;5032.0;2
156600;;;AMETHYSTS;SEASHELLS;9996.0;1
156600;;;STARFRUIT;SEASHELLS;5033.0;1
156900;;;STARFRUIT;SEASHELLS;5032.0;1
157000;;;STARFRUIT;SEASHELLS;5033.0;1
157300;;;STARFRUIT;SEASHELLS;5035.0;4
157400;;;AMETHYSTS;SEASHELLS;10002.0;10
157500;;;STARFRUIT;SEASHELLS;5031.0;1
157700;;;STARFRUIT;SEASHELLS;5037.0;1
158100;;;STARFRUIT;SEASHELLS;5032.0;1
158200;;;AMETHYSTS;SEASHELLS;10002.0;1
158300;;;AMETHYSTS;SEASHELLS;9998.0;7
158800;;;STARFRUIT;SEASHELLS;5037.0;1
159200;;;AMETHYSTS;SEASHELLS;9995.0;9
159300;;;STARFRUIT;SEASHELLS;5032.0;1
160000;;;STARFRUIT;SEASHELLS;5037.0;2
160000;;;AMETHYSTS;SEASHELLS;10004.0;2
160300;;;AMETHYSTS;SEASHELLS;9998.0;1
160400;;;STARFRUIT;SEASHELLS;5034.0;1
160400;;;AMETHYSTS;SEASHELLS;9998.0;1
160500;;;STARFRUIT;SEASHELLS;5036.0;13
160600;;;AMETHYSTS;SEASHELLS;10002.0;1
161000;;;STARFRUIT;SEASHELLS;5030.0;8
161600;;;AMETHYSTS;SEASHELLS;9998.0;1
162400;;;STARFRUIT;SEASHELLS;5031.0;4
162600;;;STARFRUIT;SEASHELLS;5037.0;1
162900;;;AMETHYSTS;SEASHELLS;9995.0;4
163500;;;AMETHYSTS;SEASHELLS;10002.0;3
163500;;;STARFRUIT;SEASHELLS;5034.0;2
163800;;;STARFRUIT;SEASHELLS;5036.0;13
163800;;;STARFRUIT;SEASHELLS;5029.0;1
163900;;;STARFRUIT;SEASHELLS;5029.0;2
163900;;;AMETHYSTS;SEASHELLS;9996.0;1
164600;;;STARFRUIT;SEASHELLS;5035.0;1
164800;;;AMETHYSTS;SEASHELLS;10004.0;2
164800;;;AMETHYSTS;SEASHELLS;10004.0;6
165100;;;STARFRUIT;SEASHELLS;5036.0;1
165200;;;STARFRUIT;SEASHELLS;5034.0;6
166000;;;STARFRUIT;SEASHELLS;5038.0;1
166400;;;AMETHYSTS;SEASHELLS;9998.0;1
167000;;;STARFRUIT;SEASHELLS;5034.0;5
167100;;;AMETHYSTS;SEASHELLS;9996.0;1
167300;;;STARFRUIT;SEASHELLS;5033.0;11
167800;;;STARFRUIT;SEASHELLS;5040.0;1
167800;;;AMETHYSTS;SEASHELLS;9998.0;1
167900;;;AMETHYSTS;SEASHELLS;9998.0;1
168000;;;AMETHYSTS;SEASHELLS;10005.0;8
169000;;;STARFRUIT;SEASHELLS;5038.0;3
169900;;;STARFRUIT;SEASHELLS;5035.0;1
170200;;;AMETHYSTS;SEASHELLS;10002.0;3
170200;;;STARFRUIT;SEASHELLS;5035.0;1
170400;;;STARFRUIT;SEASHELLS;5039.0;10
171000;;;STARFRUIT;SEASHELLS;5035.0;3
171100;;;AMETHYSTS;SEASHELLS;10002.0;1
171400;;;AMETHYSTS;SEASHELLS;10002.0;5
171900;;;AMETHYSTS;SEASHELLS;10002.0;1
171900;;;STARFRUIT;SEASHELLS;5035.0;1
172100;;;AMETHYSTS;SEASHELLS;10002.0;1
172600;;;AMETHYSTS;SEASHELLS;9996.0;1
172600;;;STARFRUIT;SEASHELLS;5036.0;2
172700;;;AMETHYSTS;SEASHELLS;9998.0;3
173200;;;STARFRUIT;SEASHELLS;5034.0;1
173400;;;STARFRUIT;SEASHELLS;5034.0;2
173400;;;AMETHYSTS;SEASHELLS;9996.0;1
173400;;;AMETHYSTS;SEASHELLS;10002.0;1
173500;;;AMETHYSTS;SEASHELLS;9998.0;3
173800;;;STARFRUIT;SEASHELLS;5041.0;8
173900;;;AMETHYSTS;SEASHELLS;10005.0;9
174000;;;AMETHYSTS;SEASHELLS;9998.0;1
174000;;;STARFRUIT;SEASHELLS;5034.0;1
174300;;;AMETHYSTS;SEASHELLS;10002.0;1
174400;;;STARFRUIT;SEASHELLS;5035.0;1
175800;;;AMETHYSTS;SEASHELLS;10004.0;1
175800;;;STARFRUIT;SEASHELLS;5043.0;1
176000;;;STARFRUIT;SEASHELLS;5036.0;1
176000;;;STARFRUIT;SEASHELLS;5037.0;1
176000;;;AMETHYSTS;SEASHELLS;10002.0;1
176100;;;AMETHYSTS;SEASHELLS;10004.0;1
176100;;;STARFRUIT;SEASHELLS;5043.0;2
176100;;;AMETHYSTS;SEASHELLS;10004.0;1
176600;;;STARFRUIT;SEASHELLS;5036.0;1
176900;;;STARFRUIT;SEASHELLS;5037.0;5
177400;;;STARFRUIT;SEASHELLS;5038.0;1
177600;;;AMETHYSTS;SEASHELLS;9998.0;1
177700;;;STARFRUIT;SEASHELLS;5038.0;1
177700;;;AMETHYSTS;SEASHELLS;9996.0;1
177900;;;STARFRUIT;SEASHELLS;5038.0;14
178000;;;AMETHYSTS;SEASHELLS;9998.0;1
178700;;;STARFRUIT;SEASHELLS;5039.0;1
178800;;;STARFRUIT;SEASHELLS;5046.0;5
178900;;;STARFRUIT;SEASHELLS;5040.0;1
179000;;;AMETHYSTS;SEASHELLS;10004.0;1
179000;;;STARFRUIT;SEASHELLS;5046.0;2
179100;;;STARFRUIT;SEASHELLS;5039.0;1
179300;;;AMETHYSTS;SEASHELLS;9998.0;2
179600;;;AMETHYSTS;SEASHELLS;9998.0;4
179800;;;AMETHYSTS;SEASHELLS;9995.0;8
179900;;;AMETHYSTS;SEASHELLS;9996.0;2
180000;;;STARFRUIT;SEASHELLS;5044.0;10
180000;;;STARFRUIT;SEASHELLS;5044.0;1
180100;;;AMETHYSTS;SEASHELLS;9998.0;3
180300;;;AMETHYSTS;SEASHELLS;9998.0;4
180500;;;AMETHYSTS;SEASHELLS;10002.0;3
180500;;;STARFRUIT;SEASHELLS;5044.0;6
180800;;;AMETHYSTS;SEASHELLS;10002.0;1
180900;;;STARFRUIT;SEASHELLS;5045.0;11
180900;;;AMETHYSTS;SEASHELLS;9998.0;1
181000;;;STARFRUIT;SEASHELLS;5044.0;1
181400;;;AMETHYSTS;SEASHELLS;10002.0;1
181400;;;STARFRUIT;SEASHELLS;5046.0;2
181500;;;STARFRUIT;SEASHELLS;5039.0;2
181500;;;STARFRUIT;SEASHELLS;5039.0;1
181500;;;AMETHYSTS;SEASHELLS;9998.0;2
181600;;;STARFRUIT;SEASHELLS;5040.0;2
181700;;;STARFRUIT;SEASHELLS;5045.0;14
181800;;;STARFRUIT;SEASHELLS;5038.0;1
181900;;;AMETHYSTS;SEASHELLS;10002.0;1
182000;;;AMETHYSTS;SEASHELLS;10002.0;1
182200;;;STARFRUIT;SEASHELLS;5044.0;1
182300;;;AMETHYSTS;SEASHELLS;9996.0;1
182500;;;AMETHYSTS;SEASHELLS;10002.0;4
182800;;;STARFRUIT;SEASHELLS;5038.0;1
183100;;;AMETHYSTS;SEASHELLS;10004.0;1
183100;;;STARFRUIT;SEASHELLS;5045.0;2
183200;;;STARFRUIT;SEASHELLS;5038.0;9
183500;;;STARFRUIT;SEASHELLS;5044.0;1
183700;;;STARFRUIT;SEASHELLS;5045.0;8
183900;;;AMETHYSTS;SEASHELLS;9995.0;6
184000;;;STARFRUIT;SEASHELLS;5038.0;13
184100;;;STARFRUIT;SEASHELLS;5044.0;1
184600;;;AMETHYSTS;SEASHELLS;9995.0;1
184600;;;STARFRUIT;SEASHELLS;5037.0;1
184800;;;AMETHYSTS;SEASHELLS;10002.0;3
184800;;;AMETHYSTS;SEASHELLS;10002.0;5
185200;;;STARFRUIT;SEASHELLS;5044.0;10
185400;;;STARFRUIT;SEASHELLS;5037.0;1
185400;;;AMETHYSTS;SEASHELLS;9996.0;1
185800;;;AMETHYSTS;SEASHELLS;9998.0;1
186100;;;STARFRUIT;SEASHELLS;5038.0;1
186100;;;STARFRUIT;SEASHELLS;5038.0;4
186300;;;STARFRUIT;SEASHELLS;5037.0;9
186300;;;AMETHYSTS;SEASHELLS;10004.0;1
186300;;;AMETHYSTS;SEASHELLS;10004.0;10
186300;;;STARFRUIT;SEASHELLS;5037.0;1
186400;;;STARFRUIT;SEASHELLS;5036.0;1
187000;;;STARFRUIT;SEASHELLS;5038.0;3
187300;;;STARFRUIT;SEASHELLS;5039.0;1
187400;;;STARFRUIT;SEASHELLS;5040.0;1
187700;;;STARFRUIT;SEASHELLS;5034.0;1
187700;;;STARFRUIT;SEASHELLS;5041.0;15
187700;;;STARFRUIT;SEASHELLS;5039.0;8
188000;;;AMETHYSTS;SEASHELLS;10002.0;1
188400;;;AMETHYSTS;SEASHELLS;9998.0;1
188500;;;AMETHYSTS;SEASHELLS;10002.0;1
189000;;;STARFRUIT;SEASHELLS;5037.0;1
189500;;;AMETHYSTS;SEASHELLS;9998.0;1
189500;;;STARFRUIT;SEASHELLS;5044.0;2
189500;;;AMETHYSTS;SEASHELLS;10005.0;2
189800;;;AMETHYSTS;SEASHELLS;10004.0;1
189800;;;STARFRUIT;SEASHELLS;5044.0;2
189800;;;AMETHYSTS;SEASHELLS;10004.0;1
189900;;;STARFRUIT;SEASHELLS;5043.0;1
190000;;;STARFRUIT;SEASHELLS;5038.0;2
190000;;;STARFRUIT;SEASHELLS;5038.0;7
190300;;;STARFRUIT;SEASHELLS;5043.0;1
190600;;;STARFRUIT;SEASHELLS;5039.0;1
190700;;;STARFRUIT;SEASHELLS;5038.0;10
190800;;;AMETHYSTS;SEASHELLS;9998.0;5
190900;;;AMETHYSTS;SEASHELLS;10002.0;1
190900;;;AMETHYSTS;SEASHELLS;10005.0;1
190900;;;STARFRUIT;SEASHELLS;5043.0;1
190900;;;STARFRUIT;SEASHELLS;5044.0;1
191000;;;AMETHYSTS;SEASHELLS;10002.0;1
191400;;;AMETHYSTS;SEASHELLS;9998.0;1
191700;;;AMETHYSTS;SEASHELLS;10004.0;4
191700;;;AMETHYSTS;SEASHELLS;10004.0;2
191800;;;STARFRUIT;SEASHELLS;5040.0;1
192000;;;STARFRUIT;SEASHELLS;5041.0;1
192000;;;AMETHYSTS;SEASHELLS;10002.0;1
192100;;;AMETHYSTS;SEASHELLS;9998.0;1
192200;;;AMETHYSTS;SEASHELLS;9998.0;2
192200;;;STARFRUIT;SEASHELLS;5034.0;5
192400;;;AMETHYSTS;SEASHELLS;9998.0;1
192400;;;STARFRUIT;SEASHELLS;5034.0;1
192700;;;AMETHYSTS;SEASHELLS;9996.0;5
192700;;;AMETHYSTS;SEASHELLS;9996.0;1
193300;;;AMETHYSTS;SEASHELLS;10002.0;1
193300;;;AMETHYSTS;SEASHELLS;10002.0;4
193600;;;STARFRUIT;SEASHELLS;5040.0;14
193700;;;AMETHYSTS;SEASHELLS;9998.0;1
193800;;;STARFRUIT;SEASHELLS;5038.0;1
194000;;;STARFRUIT;SEASHELLS;5032.0;1
194400;;;STARFRUIT;SEASHELLS;5037.0;2
194400;;;AMETHYSTS;SEASHELLS;10002.0;2
194600;;;STARFRUIT;SEASHELLS;5030.0;1
195100;;;AMETHYSTS;SEASHELLS;10002.0;4
195100;;;AMETHYSTS;SEASHELLS;10002.0;1
195100;;;STARFRUIT;SEASHELLS;5029.0;8
195700;;;AMETHYSTS;SEASHELLS;10002.0;1
195800;;;AMETHYSTS;SEASHELLS;10004.0;1
195800;;;STARFRUIT;SEASHELLS;5032.0;1
196000;;;AMETHYSTS;SEASHELLS;10002.0;1
196500;;;STARFRUIT;SEASHELLS;5034.0;1
197300;;;AMETHYSTS;SEASHELLS;9996.0;1
197300;;;AMETHYSTS;SEASHELLS;9996.0;1
197300;;;STARFRUIT;SEASHELLS;5036.0;1
197700;;;STARFRUIT;SEASHELLS;5036.0;2
197700;;;AMETHYSTS;SEASHELLS;10002.0;2
198500;;;STARFRUIT;SEASHELLS;5037.0;2
198500;;;AMETHYSTS;SEASHELLS;9998.0;2
198800;;;STARFRUIT;SEASHELLS;5031.0;1
198900;;;AMETHYSTS;SEASHELLS;10002.0;1
198900;;;STARFRUIT;SEASHELLS;5032.0;5
199000;;;STARFRUIT;SEASHELLS;5031.0;2
199000;;;AMETHYSTS;SEASHELLS;9996.0;2
199200;;;STARFRUIT;SEASHELLS;5032.0;2
199400;;;AMETHYSTS;SEASHELLS;10004.0;1
199400;;;STARFRUIT;SEASHELLS;5033.0;2
199400;;;STARFRUIT;SEASHELLS;5033.0;1
199400;;;STARFRUIT;SEASHELLS;5033.0;3
199400;;;STARFRUIT;SEASHELLS;5037.0;1
199500;;;AMETHYSTS;SEASHELLS;10002.0;1
199600;;;AMETHYSTS;SEASHELLS;10002.0;2
199600;;;STARFRUIT;SEASHELLS;5039.0;2
200000;;;STARFRUIT;SEASHELLS;5037.0;1
200200;;;AMETHYSTS;SEASHELLS;10004.0;1
200300;;;STARFRUIT;SEASHELLS;5034.0;5
201200;;;AMETHYSTS;SEASHELLS;10005.0;8
201200;;;AMETHYSTS;SEASHELLS;10004.0;1
201500;;;STARFRUIT;SEASHELLS;5032.0;1
201500;;;STARFRUIT;SEASHELLS;5031.0;10
201600;;;STARFRUIT;SEASHELLS;5031.0;10
201800;;;STARFRUIT;SEASHELLS;5037.0;1
202100;;;AMETHYSTS;SEASHELLS;10002.0;1
202100;;;AMETHYSTS;SEASHELLS;10004.0;1
202100;;;AMETHYSTS;SEASHELLS;10004.0;1
202100;;;STARFRUIT;SEASHELLS;5039.0;2
202200;;;STARFRUIT;SEASHELLS;5036.0;3
202400;;;STARFRUIT;SEASHELLS;5037.0;4
202600;;;AMETHYSTS;SEASHELLS;9995.0;2
202600;;;STARFRUIT;SEASHELLS;5030.0;2
202700;;;STARFRUIT;SEASHELLS;5035.0;1
202700;;;STARFRUIT;SEASHELLS;5036.0;12
202900;;;STARFRUIT;SEASHELLS;5031.0;1
202900;;;STARFRUIT;SEASHELLS;5031.0;4
203200;;;STARFRUIT;SEASHELLS;5035.0;1
203300;;;STARFRUIT;SEASHELLS;5031.0;1
203700;;;AMETHYSTS;SEASHELLS;9996.0;2
203700;;;AMETHYSTS;SEASHELLS;9996.0;7
203800;;;STARFRUIT;SEASHELLS;5036.0;1
203800;;;AMETHYSTS;SEASHELLS;10004.0;1
204000;;;AMETHYSTS;SEASHELLS;9998.0;1
204100;;;AMETHYSTS;SEASHELLS;9998.0;1
204500;;;AMETHYSTS;SEASHELLS;10002.0;4
205400;;;AMETHYSTS;SEASHELLS;10002.0;1
205400;;;STARFRUIT;SEASHELLS;5035.0;1
205400;;;STARFRUIT;SEASHELLS;5035.0;5
205600;;;AMETHYSTS;SEASHELLS;10002.0;5
205800;;;AMETHYSTS;SEASHELLS;9998.0;1
206000;;;STARFRUIT;SEASHELLS;5029.0;1
206100;;;AMETHYSTS;SEASHELLS;9996.0;2
206300;;;AMETHYSTS;SEASHELLS;9996.0;1
206700;;;AMETHYSTS;SEASHELLS;9996.0;2
206800;;;STARFRUIT;SEASHELLS;5031.0;2
206800;;;STARFRUIT;SEASHELLS;5033.0;4
206900;;;AMETHYSTS;SEASHELLS;9998.0;1
207200;;;STARFRUIT;SEASHELLS;5031.0;10
207300;;;AMETHYSTS;SEASHELLS;10002.0;1
207400;;;AMETHYSTS;SEASHELLS;10002.0;1
207400;;;STARFRUIT;SEASHELLS;5036.0;1
207600;;;STARFRUIT;SEASHELLS;5030.0;4
207800;;;AMETHYSTS;SEASHELLS;9998.0;4
207900;;;AMETHYSTS;SEASHELLS;10002.0;1
207900;;;STARFRUIT;SEASHELLS;5030.0;1
208000;;;STARFRUIT;SEASHELLS;5035.0;1
208100;;;STARFRUIT;SEASHELLS;5036.0;2
208100;;;AMETHYSTS;SEASHELLS;10004.0;2
208300;;;STARFRUIT;SEASHELLS;5037.0;9
208500;;;STARFRUIT;SEASHELLS;5031.0;14
209600;;;AMETHYSTS;SEASHELLS;9998.0;1
209800;;;AMETHYSTS;SEASHELLS;9998.0;1
210200;;;AMETHYSTS;SEASHELLS;10002.0;1
211500;;;STARFRUIT;SEASHELLS;5032.0;2
212300;;;STARFRUIT;SEASHELLS;5031.0;1
212500;;;STARFRUIT;SEASHELLS;5029.0;11
212800;;;AMETHYSTS;SEASHELLS;9995.0;8
213300;;;STARFRUIT;SEASHELLS;5029.0;10
213400;;;STARFRUIT;SEASHELLS;5029.0;1
213500;;;AMETHYSTS;SEASHELLS;9995.0;3
214100;;;STARFRUIT;SEASHELLS;5036.0;1
214200;;;STARFRUIT;SEASHELLS;5030.0;15
214700;;;STARFRUIT;SEASHELLS;5035.0;1
214800;;;AMETHYSTS;SEASHELLS;9998.0;4
214800;;;AMETHYSTS;SEASHELLS;9998.0;1
214800;;;STARFRUIT;SEASHELLS;5037.0;1
215000;;;AMETHYSTS;SEASHELLS;9998.0;1
215000;;;STARFRUIT;SEASHELLS;5030.0;1
215000;;;STARFRUIT;SEASHELLS;5029.0;8
215100;;;AMETHYSTS;SEASHELLS;10005.0;3
215200;;;STARFRUIT;SEASHELLS;5036.0;1
215200;;;AMETHYSTS;SEASHELLS;10002.0;3
215200;;;STARFRUIT;SEASHELLS;5034.0;8
215200;;;AMETHYSTS;SEASHELLS;10004.0;1
215300;;;STARFRUIT;SEASHELLS;5036.0;14
215400;;;AMETHYSTS;SEASHELLS;9998.0;1
215600;;;STARFRUIT;SEASHELLS;5031.0;4
215600;;;STARFRUIT;SEASHELLS;5028.0;1
215700;;;AMETHYSTS;SEASHELLS;9996.0;2
215800;;;AMETHYSTS;SEASHELLS;10002.0;1
215800;;;AMETHYSTS;SEASHELLS;10002.0;1
215900;;;STARFRUIT;SEASHELLS;5033.0;6
215900;;;STARFRUIT;SEASHELLS;5033.0;1
216000;;;STARFRUIT;SEASHELLS;5034.0;1
216300;;;STARFRUIT;SEASHELLS;5028.0;1
216400;;;STARFRUIT;SEASHELLS;5034.0;1
216400;;;AMETHYSTS;SEASHELLS;10005.0;8
216800;;;STARFRUIT;SEASHELLS;5028.0;2
216800;;;AMETHYSTS;SEASHELLS;9996.0;2
217300;;;AMETHYSTS;SEASHELLS;9996.0;1
217300;;;AMETHYSTS;SEASHELLS;9996.0;5
217300;;;STARFRUIT;SEASHELLS;5029.0;5
217600;;;STARFRUIT;SEASHELLS;5028.0;1
217700;;;STARFRUIT;SEASHELLS;5027.0;1
217800;;;STARFRUIT;SEASHELLS;5030.0;2
217800;;;AMETHYSTS;SEASHELLS;10000.0;2
218200;;;STARFRUIT;SEASHELLS;5027.0;1
218500;;;AMETHYSTS;SEASHELLS;9996.0;1
218500;;;AMETHYSTS;SEASHELLS;10002.0;1
218500;;;AMETHYSTS;SEASHELLS;9996.0;7
219000;;;AMETHYSTS;SEASHELLS;9998.0;2
219600;;;AMETHYSTS;SEASHELLS;10002.0;1
219700;;;AMETHYSTS;SEASHELLS;10004.0;1
219700;;;AMETHYSTS;SEASHELLS;10004.0;11
219900;;;STARFRUIT;SEASHELLS;5026.0;1
220000;;;STARFRUIT;SEASHELLS;5031.0;1
220200;;;STARFRUIT;SEASHELLS;5033.0;1
220200;;;AMETHYSTS;SEASHELLS;10004.0;1
220300;;;STARFRUIT;SEASHELLS;5034.0;8
220300;;;STARFRUIT;SEASHELLS;5027.0;2
220300;;;AMETHYSTS;SEASHELLS;9995.0;2
220500;;;STARFRUIT;SEASHELLS;5026.0;1
220800;;;STARFRUIT;SEASHELLS;5028.0;5
220800;;;STARFRUIT;SEASHELLS;5025.0;1
221000;;;STARFRUIT;SEASHELLS;5025.0;1
221100;;;AMETHYSTS;SEASHELLS;10002.0;1
221500;;;AMETHYSTS;SEASHELLS;10002.0;5
221600;;;STARFRUIT;SEASHELLS;5028.0;5
221600;;;STARFRUIT;SEASHELLS;5025.0;1
221800;;;AMETHYSTS;SEASHELLS;9998.0;1
222500;;;AMETHYSTS;SEASHELLS;10002.0;3
222500;;;AMETHYSTS;SEASHELLS;10002.0;4
222600;;;AMETHYSTS;SEASHELLS;10005.0;2
222600;;;STARFRUIT;SEASHELLS;5032.0;2
223100;;;STARFRUIT;SEASHELLS;5030.0;6
223700;;;AMETHYSTS;SEASHELLS;10002.0;1
223800;;;AMETHYSTS;SEASHELLS;10002.0;1
224200;;;STARFRUIT;SEASHELLS;5026.0;5
224300;;;STARFRUIT;SEASHELLS;5029.0;1
224400;;;STARFRUIT;SEASHELLS;5023.0;1
224600;;;AMETHYSTS;SEASHELLS;9998.0;1
224800;;;STARFRUIT;SEASHELLS;5028.0;9
224800;;;AMETHYSTS;SEASHELLS;9996.0;9
224800;;;AMETHYSTS;SEASHELLS;9996.0;1
225000;;;AMETHYSTS;SEASHELLS;9998.0;1
225000;;;STARFRUIT;SEASHELLS;5028.0;1
225100;;;STARFRUIT;SEASHELLS;5024.0;1
225500;;;STARFRUIT;SEASHELLS;5031.0;15
225900;;;AMETHYSTS;SEASHELLS;9998.0;1
226400;;;AMETHYSTS;SEASHELLS;10005.0;3
226700;;;STARFRUIT;SEASHELLS;5024.0;1
226900;;;STARFRUIT;SEASHELLS;5025.0;1
227000;;;AMETHYSTS;SEASHELLS;9998.0;1
227000;;;AMETHYSTS;SEASHELLS;9998.0;3
227100;;;AMETHYSTS;SEASHELLS;9998.0;1
227300;;;STARFRUIT;SEASHELLS;5026.0;13
227400;;;STARFRUIT;SEASHELLS;5032.0;1
227600;;;STARFRUIT;SEASHELLS;5027.0;3
227700;;;AMETHYSTS;SEASHELLS;10005.0;2
227700;;;STARFRUIT;SEASHELLS;5033.0;2
227900;;;AMETHYSTS;SEASHELLS;9998.0;1
228400;;;STARFRUIT;SEASHELLS;5033.0;10
228700;;;AMETHYSTS;SEASHELLS;10000.0;2
228700;;;STARFRUIT;SEASHELLS;5029.0;2
228800;;;STARFRUIT;SEASHELLS;5027.0;1
228800;;;AMETHYSTS;SEASHELLS;10002.0;1
229000;;;STARFRUIT;SEASHELLS;5028.0;1
229200;;;STARFRUIT;SEASHELLS;5027.0;1
229900;;;AMETHYSTS;SEASHELLS;9996.0;1
229900;;;STARFRUIT;SEASHELLS;5029.0;1
229900;;;STARFRUIT;SEASHELLS;5028.0;2
229900;;;AMETHYSTS;SEASHELLS;9996.0;1
230100;;;STARFRUIT;SEASHELLS;5029.0;11
230100;;;STARFRUIT;SEASHELLS;5029.0;1
230200;;;STARFRUIT;SEASHELLS;5036.0;12
230200;;;STARFRUIT;SEASHELLS;5035.0;1
230300;;;AMETHYSTS;SEASHELLS;10005.0;3
230600;;;AMETHYSTS;SEASHELLS;10004.0;2
230600;;;STARFRUIT;SEASHELLS;5036.0;2
230600;;;STARFRUIT;SEASHELLS;5036.0;15
230800;;;STARFRUIT;SEASHELLS;5030.0;1
231000;;;STARFRUIT;SEASHELLS;5035.0;1
231000;;;AMETHYSTS;SEASHELLS;9998.0;1
231200;;;AMETHYSTS;SEASHELLS;10002.0;1
231800;;;STARFRUIT;SEASHELLS;5036.0;12
232200;;;AMETHYSTS;SEASHELLS;9998.0;1
232400;;;STARFRUIT;SEASHELLS;5029.0;1
232600;;;STARFRUIT;SEASHELLS;5034.0;2
232600;;;STARFRUIT;SEASHELLS;5034.0;3
232600;;;AMETHYSTS;SEASHELLS;9996.0;2
232800;;;STARFRUIT;SEASHELLS;5033.0;1
233100;;;AMETHYSTS;SEASHELLS;9996.0;2
233600;;;STARFRUIT;SEASHELLS;5032.0;5
233900;;;STARFRUIT;SEASHELLS;5026.0;2
233900;;;AMETHYSTS;SEASHELLS;9996.0;1
234600;;;AMETHYSTS;SEASHELLS;9998.0;4
234700;;;AMETHYSTS;SEASHELLS;10002.0;1
234800;;;STARFRUIT;SEASHELLS;5031.0;1
234800;;;STARFRUIT;SEASHELLS;5030.0;4
235500;;;STARFRUIT;SEASHELLS;5026.0;9
235500;;;AMETHYSTS;SEASHELLS;10002.0;4
235800;;;STARFRUIT;SEASHELLS;5027.0;1
235900;;;STARFRUIT;SEASHELLS;5027.0;1
235900;;;AMETHYSTS;SEASHELLS;9998.0;1
236000;;;AMETHYSTS;SEASHELLS;10002.0;1
236300;;;STARFRUIT;SEASHELLS;5031.0;1
236600;;;STARFRUIT;SEASHELLS;5027.0;1
236800;;;AMETHYSTS;SEASHELLS;9998.0;1
237100;;;STARFRUIT;SEASHELLS;5025.0;14
237100;;;STARFRUIT;SEASHELLS;5031.0;1
237300;;;AMETHYSTS;SEASHELLS;10002.0;1
237400;;;STARFRUIT;SEASHELLS;5025.0;1
237600;;;AMETHYSTS;SEASHELLS;9998.0;1
237800;;;AMETHYSTS;SEASHELLS;10004.0;1
237800;;;AMETHYSTS;SEASHELLS;10004.0;1
237800;;;STARFRUIT;SEASHELLS;5025.0;1
238000;;;STARFRUIT;SEASHELLS;5029.0;1
238400;;;STARFRUIT;SEASHELLS;5028.0;1
238500;;;STARFRUIT;SEASHELLS;5030.0;2
238500;;;AMETHYSTS;SEASHELLS;10004.0;2
238600;;;STARFRUIT;SEASHELLS;5023.0;1
238700;;;STARFRUIT;SEASHELLS;5022.0;1
239000;;;AMETHYSTS;SEASHELLS;9998.0;1
239000;;;STARFRUIT;SEASHELLS;5027.0;9
239400;;;AMETHYSTS;SEASHELLS;10004.0;6
239400;;;AMETHYSTS;SEASHELLS;10004.0;2
239400;;;STARFRUIT;SEASHELLS;5027.0;1
239900;;;AMETHYSTS;SEASHELLS;10002.0;1
240000;;;STARFRUIT;SEASHELLS;5029.0;2
240000;;;AMETHYSTS;SEASHELLS;10005.0;2
240000;;;AMETHYSTS;SEASHELLS;10004.0;2
240200;;;STARFRUIT;SEASHELLS;5023.0;1
240400;;;AMETHYSTS;SEASHELLS;9998.0;1
240700;;;AMETHYSTS;SEASHELLS;10002.0;1
241000;;;STARFRUIT;SEASHELLS;5028.0;1
241000;;;AMETHYSTS;SEASHELLS;9998.0;4
241300;;;STARFRUIT;SEASHELLS;5024.0;1
241500;;;STARFRUIT;SEASHELLS;5029.0;1
241600;;;AMETHYSTS;SEASHELLS;10004.0;1
241600;;;STARFRUIT;SEASHELLS;5029.0;1
241700;;;STARFRUIT;SEASHELLS;5024.0;1
241700;;;AMETHYSTS;SEASHELLS;10004.0;5
241700;;;AMETHYSTS;SEASHELLS;10004.0;1
242200;;;STARFRUIT;SEASHELLS;5029.0;2
242200;;;AMETHYSTS;SEASHELLS;9995.0;2
242200;;;STARFRUIT;SEASHELLS;5029.0;1
242500;;;STARFRUIT;SEASHELLS;5032.0;2
242500;;;AMETHYSTS;SEASHELLS;9998.0;2
242600;;;AMETHYSTS;SEASHELLS;10002.0;1
242700;;;AMETHYSTS;SEASHELLS;9998.0;1
242800;;;STARFRUIT;SEASHELLS;5028.0;4
242800;;;STARFRUIT;SEASHELLS;5026.0;1
242900;;;AMETHYSTS;SEASHELLS;9995.0;11
243000;;;STARFRUIT;SEASHELLS;5026.0;1
243100;;;STARFRUIT;SEASHELLS;5026.0;10
243500;;;STARFRUIT;SEASHELLS;5032.0;1
243500;;;AMETHYSTS;SEASHELLS;9998.0;1
243600;;;STARFRUIT;SEASHELLS;5033.0;2
244800;;;AMETHYSTS;SEASHELLS;10002.0;1
244900;;;STARFRUIT;SEASHELLS;5032.0;1
245200;;;STARFRUIT;SEASHELLS;5032.0;2
245200;;;AMETHYSTS;SEASHELLS;10005.0;2
245200;;;AMETHYSTS;SEASHELLS;10004.0;2
245300;;;STARFRUIT;SEASHELLS;5028.0;2
245500;;;STARFRUIT;SEASHELLS;5025.0;9
245500;;;AMETHYSTS;SEASHELLS;9998.0;8
245500;;;AMETHYSTS;SEASHELLS;10002.0;1
245700;;;AMETHYSTS;SEASHELLS;10000.0;4
245800;;;AMETHYSTS;SEASHELLS;9998.0;1
246100;;;AMETHYSTS;SEASHELLS;9995.0;11
246200;;;AMETHYSTS;SEASHELLS;10002.0;1
246300;;;STARFRUIT;SEASHELLS;5029.0;1
246300;;;AMETHYSTS;SEASHELLS;9996.0;1
246300;;;AMETHYSTS;SEASHELLS;9996.0;1
247200;;;STARFRUIT;SEASHELLS;5025.0;10
247200;;;STARFRUIT;SEASHELLS;5024.0;1
247400;;;STARFRUIT;SEASHELLS;5024.0;1
247700;;;STARFRUIT;SEASHELLS;5028.0;3
247700;;;STARFRUIT;SEASHELLS;5029.0;1
247800;;;STARFRUIT;SEASHELLS;5024.0;1
247800;;;AMETHYSTS;SEASHELLS;9998.0;1
248000;;;AMETHYSTS;SEASHELLS;10005.0;2
248000;;;STARFRUIT;SEASHELLS;5026.0;2
248600;;;STARFRUIT;SEASHELLS;5031.0;5
248700;;;STARFRUIT;SEASHELLS;5031.0;13
249100;;;STARFRUIT;SEASHELLS;5028.0;5
249200;;;AMETHYSTS;SEASHELLS;9996.0;1
249200;;;AMETHYSTS;SEASHELLS;9996.0;3
249400;;;AMETHYSTS;SEASHELLS;9998.0;1
249600;;;AMETHYSTS;SEASHELLS;10002.0;4
250000;;;STARFRUIT;SEASHELLS;5023.0;1
250000;;;AMETHYSTS;SEASHELLS;9996.0;1
250500;;;AMETHYSTS;SEASHELLS;9998.0;1
250500;;;STARFRUIT;SEASHELLS;5029.0;1
250600;;;STARFRUIT;SEASHELLS;5030.0;8
251200;;;AMETHYSTS;SEASHELLS;10002.0;1
251200;;;STARFRUIT;SEASHELLS;5023.0;2
251300;;;STARFRUIT;SEASHELLS;5028.0;1
251600;;;STARFRUIT;SEASHELLS;5027.0;1
251800;;;STARFRUIT;SEASHELLS;5022.0;1
252000;;;AMETHYSTS;SEASHELLS;9998.0;2
252000;;;AMETHYSTS;SEASHELLS;9998.0;2
252300;;;AMETHYSTS;SEASHELLS;10005.0;1
252300;;;STARFRUIT;SEASHELLS;5029.0;1
252400;;;AMETHYSTS;SEASHELLS;10002.0;1
253100;;;AMETHYSTS;SEASHELLS;9996.0;1
253100;;;STARFRUIT;SEASHELLS;5022.0;1
255000;;;AMETHYSTS;SEASHELLS;9998.0;1
255400;;;AMETHYSTS;SEASHELLS;10004.0;1
255400;;;STARFRUIT;SEASHELLS;5028.0;2
255700;;;STARFRUIT;SEASHELLS;5028.0;1
256100;;;STARFRUIT;SEASHELLS;5023.0;1
256100;;;AMETHYSTS;SEASHELLS;10002.0;1
256200;;;AMETHYSTS;SEASHELLS;10002.0;1
256300;;;AMETHYSTS;SEASHELLS;9995.0;1
256300;;;STARFRUIT;SEASHELLS;5022.0;1
256400;;;STARFRUIT;SEASHELLS;5028.0;1
256700;;;AMETHYSTS;SEASHELLS;9998.0;1
257000;;;STARFRUIT;SEASHELLS;5026.0;8
257100;;;STARFRUIT;SEASHELLS;5027.0;11
257500;;;AMETHYSTS;SEASHELLS;9998.0;1
257500;;;STARFRUIT;SEASHELLS;5021.0;1
257800;;;STARFRUIT;SEASHELLS;5025.0;1
257900;;;AMETHYSTS;SEASHELLS;10002.0;3
258200;;;STARFRUIT;SEASHELLS;5019.0;1
258200;;;AMETHYSTS;SEASHELLS;9995.0;1
258500;;;STARFRUIT;SEASHELLS;5021.0;1
258500;;;AMETHYSTS;SEASHELLS;9996.0;1
258600;;;STARFRUIT;SEASHELLS;5020.0;9
258800;;;STARFRUIT;SEASHELLS;5020.0;5
258900;;;AMETHYSTS;SEASHELLS;10002.0;1
259000;;;AMETHYSTS;SEASHELLS;9996.0;2
259100;;;AMETHYSTS;SEASHELLS;9995.0;5
259600;;;STARFRUIT;SEASHELLS;5021.0;1
259600;;;AMETHYSTS;SEASHELLS;10004.0;1
259700;;;AMETHYSTS;SEASHELLS;9998.0;1
259700;;;STARFRUIT;SEASHELLS;5027.0;1
259800;;;AMETHYSTS;SEASHELLS;10004.0;7
259800;;;AMETHYSTS;SEASHELLS;10004.0;1
259900;;;AMETHYSTS;SEASHELLS;10004.0;2
259900;;;AMETHYSTS;SEASHELLS;10004.0;10
260000;;;STARFRUIT;SEASHELLS;5021.0;1
260200;;;STARFRUIT;SEASHELLS;5021.0;1
260200;;;STARFRUIT;SEASHELLS;5021.0;1
260400;;;STARFRUIT;SEASHELLS;5021.0;1
260700;;;AMETHYSTS;SEASHELLS;9998.0;1
261000;;;AMETHYSTS;SEASHELLS;10002.0;1
261100;;;STARFRUIT;SEASHELLS;5021.0;1
261100;;;AMETHYSTS;SEASHELLS;9996.0;1
261500;;;STARFRUIT;SEASHELLS;5027.0;1
261500;;;AMETHYSTS;SEASHELLS;10004.0;1
261500;;;STARFRUIT;SEASHELLS;5025.0;10
261600;;;STARFRUIT;SEASHELLS;5026.0;1
261700;;;AMETHYSTS;SEASHELLS;10004.0;1
262600;;;AMETHYSTS;SEASHELLS;10004.0;1
262600;;;STARFRUIT;SEASHELLS;5027.0;2
262600;;;AMETHYSTS;SEASHELLS;10004.0;1
263100;;;STARFRUIT;SEASHELLS;5028.0;8
263500;;;STARFRUIT;SEASHELLS;5021.0;2
263800;;;STARFRUIT;SEASHELLS;5023.0;3
263900;;;STARFRUIT;SEASHELLS;5027.0;1
263900;;;AMETHYSTS;SEASHELLS;10002.0;1
264000;;;AMETHYSTS;SEASHELLS;10002.0;1
264300;;;STARFRUIT;SEASHELLS;5021.0;1
264400;;;STARFRUIT;SEASHELLS;5022.0;2
264800;;;STARFRUIT;SEASHELLS;5026.0;1
264800;;;AMETHYSTS;SEASHELLS;10002.0;1
265100;;;STARFRUIT;SEASHELLS;5020.0;1
265100;;;STARFRUIT;SEASHELLS;5021.0;5
265200;;;AMETHYSTS;SEASHELLS;10002.0;1
265300;;;AMETHYSTS;SEASHELLS;9998.0;1
265700;;;STARFRUIT;SEASHELLS;5019.0;1
266000;;;STARFRUIT;SEASHELLS;5024.0;1
266300;;;STARFRUIT;SEASHELLS;5019.0;2
266300;;;AMETHYSTS;SEASHELLS;9995.0;2
266900;;;STARFRUIT;SEASHELLS;5018.0;14
267100;;;STARFRUIT;SEASHELLS;5018.0;1
267200;;;STARFRUIT;SEASHELLS;5018.0;1
267300;;;STARFRUIT;SEASHELLS;5017.0;2
267300;;;AMETHYSTS;SEASHELLS;9998.0;2
267400;;;STARFRUIT;SEASHELLS;5018.0;2
267500;;;AMETHYSTS;SEASHELLS;9996.0;1
267500;;;STARFRUIT;SEASHELLS;5017.0;2
267500;;;STARFRUIT;SEASHELLS;5024.0;14
267500;;;STARFRUIT;SEASHELLS;5023.0;1
268500;;;AMETHYSTS;SEASHELLS;9998.0;2
268700;;;AMETHYSTS;SEASHELLS;10002.0;6
268800;;;STARFRUIT;SEASHELLS;5024.0;1
269300;;;AMETHYSTS;SEASHELLS;10004.0;1
269300;;;STARFRUIT;SEASHELLS;5026.0;1
269800;;;STARFRUIT;SEASHELLS;5020.0;1
270000;;;STARFRUIT;SEASHELLS;5025.0;1
270200;;;STARFRUIT;SEASHELLS;5024.0;1
270400;;;STARFRUIT;SEASHELLS;5020.0;1
270600;;;STARFRUIT;SEASHELLS;5025.0;1
270900;;;AMETHYSTS;SEASHELLS;9998.0;1
270900;;;STARFRUIT;SEASHELLS;5024.0;4
271100;;;AMETHYSTS;SEASHELLS;9998.0;1
271100;;;AMETHYSTS;SEASHELLS;9998.0;1
271400;;;AMETHYSTS;SEASHELLS;10002.0;5
271500;;;STARFRUIT;SEASHELLS;5025.0;1
271900;;;STARFRUIT;SEASHELLS;5025.0;1
272000;;;STARFRUIT;SEASHELLS;5026.0;2
272000;;;AMETHYSTS;SEASHELLS;10004.0;1
272100;;;STARFRUIT;SEASHELLS;5021.0;5
272200;;;STARFRUIT;SEASHELLS;5021.0;4
272600;;;STARFRUIT;SEASHELLS;5022.0;2
272900;;;STARFRUIT;SEASHELLS;5027.0;1
273100;;;STARFRUIT;SEASHELLS;5021.0;1
273100;;;AMETHYSTS;SEASHELLS;9996.0;1
273600;;;AMETHYSTS;SEASHELLS;9995.0;1
273600;;;STARFRUIT;SEASHELLS;5021.0;1
273900;;;AMETHYSTS;SEASHELLS;10002.0;2
273900;;;AMETHYSTS;SEASHELLS;10002.0;1
273900;;;AMETHYSTS;SEASHELLS;10002.0;1
274300;;;AMETHYSTS;SEASHELLS;9998.0;1
274400;;;AMETHYSTS;SEASHELLS;9998.0;1
274500;;;AMETHYSTS;SEASHELLS;9996.0;2
275000;;;STARFRUIT;SEASHELLS;5021.0;1
275100;;;AMETHYSTS;SEASHELLS;10002.0;1
275100;;;STARFRUIT;SEASHELLS;5029.0;1
275100;;;STARFRUIT;SEASHELLS;5022.0;11
275400;;;AMETHYSTS;SEASHELLS;10002.0;5
275500;;;STARFRUIT;SEASHELLS;5023.0;5
275500;;;STARFRUIT;SEASHELLS;5025.0;6
275500;;;STARFRUIT;SEASHELLS;5022.0;2
275500;;;AMETHYSTS;SEASHELLS;9998.0;2
276300;;;AMETHYSTS;SEASHELLS;10002.0;1
276500;;;AMETHYSTS;SEASHELLS;10002.0;1
276700;;;AMETHYSTS;SEASHELLS;9995.0;2
276700;;;STARFRUIT;SEASHELLS;5024.0;2
276800;;;STARFRUIT;SEASHELLS;5029.0;4
277200;;;AMETHYSTS;SEASHELLS;9998.0;1
277200;;;STARFRUIT;SEASHELLS;5032.0;2
277300;;;AMETHYSTS;SEASHELLS;10002.0;1
277300;;;STARFRUIT;SEASHELLS;5025.0;1
277800;;;STARFRUIT;SEASHELLS;5030.0;1
278300;;;STARFRUIT;SEASHELLS;5025.0;2
278300;;;AMETHYSTS;SEASHELLS;9998.0;2
278400;;;STARFRUIT;SEASHELLS;5029.0;2
279100;;;STARFRUIT;SEASHELLS;5024.0;1
279300;;;STARFRUIT;SEASHELLS;5029.0;1
279600;;;AMETHYSTS;SEASHELLS;9998.0;2
279700;;;AMETHYSTS;SEASHELLS;9998.0;2
280100;;;AMETHYSTS;SEASHELLS;9995.0;2
280100;;;STARFRUIT;SEASHELLS;5026.0;2
280300;;;STARFRUIT;SEASHELLS;5027.0;1
280500;;;AMETHYSTS;SEASHELLS;9998.0;1
280500;;;STARFRUIT;SEASHELLS;5032.0;1
280700;;;AMETHYSTS;SEASHELLS;9998.0;1
281500;;;AMETHYSTS;SEASHELLS;10002.0;1
281500;;;AMETHYSTS;SEASHELLS;10002.0;7
281900;;;AMETHYSTS;SEASHELLS;10005.0;1
281900;;;STARFRUIT;SEASHELLS;5032.0;1
282300;;;AMETHYSTS;SEASHELLS;10002.0;1
282300;;;STARFRUIT;SEASHELLS;5030.0;1
282700;;;STARFRUIT;SEASHELLS;5025.0;1
282700;;;AMETHYSTS;SEASHELLS;9995.0;1
283400;;;STARFRUIT;SEASHELLS;5027.0;1
283700;;;STARFRUIT;SEASHELLS;5032.0;2
284000;;;STARFRUIT;SEASHELLS;5028.0;5
284000;;;STARFRUIT;SEASHELLS;5028.0;1
284300;;;STARFRUIT;SEASHELLS;5033.0;1
284300;;;AMETHYSTS;SEASHELLS;9998.0;1
284400;;;STARFRUIT;SEASHELLS;5031.0;4
284500;;;STARFRUIT;SEASHELLS;5035.0;5
284600;;;STARFRUIT;SEASHELLS;5034.0;1
284700;;;STARFRUIT;SEASHELLS;5031.0;3
284800;;;STARFRUIT;SEASHELLS;5028.0;1
285000;;;STARFRUIT;SEASHELLS;5033.0;1
285000;;;STARFRUIT;SEASHELLS;5034.0;13
285500;;;STARFRUIT;SEASHELLS;5028.0;1
285800;;;AMETHYSTS;SEASHELLS;9998.0;3
285800;;;AMETHYSTS;SEASHELLS;10004.0;2
285900;;;STARFRUIT;SEASHELLS;5031.0;5
286200;;;AMETHYSTS;SEASHELLS;9998.0;1
286300;;;STARFRUIT;SEASHELLS;5028.0;15
286300;;;AMETHYSTS;SEASHELLS;10002.0;1
286400;;;AMETHYSTS;SEASHELLS;10002.0;2
286500;;;STARFRUIT;SEASHELLS;5030.0;1
286900;;;STARFRUIT;SEASHELLS;5031.0;1
287500;;;STARFRUIT;SEASHELLS;5031.0;2
287500;;;STARFRUIT;SEASHELLS;5031.0;5
287700;;;AMETHYSTS;SEASHELLS;9998.0;1
287900;;;AMETHYSTS;SEASHELLS;9998.0;1
288100;;;AMETHYSTS;SEASHELLS;10002.0;1
288100;;;STARFRUIT;SEASHELLS;5037.0;1
288900;;;STARFRUIT;SEASHELLS;5036.0;1
289400;;;AMETHYSTS;SEASHELLS;9995.0;1
289400;;;STARFRUIT;SEASHELLS;5030.0;1
289700;;;AMETHYSTS;SEASHELLS;9998.0;1
289800;;;AMETHYSTS;SEASHELLS;9998.0;1
289800;;;AMETHYSTS;SEASHELLS;10000.0;2
289800;;;STARFRUIT;SEASHELLS;5032.0;2
289900;;;STARFRUIT;SEASHELLS;5033.0;2
289900;;;AMETHYSTS;SEASHELLS;9998.0;1
290300;;;STARFRUIT;SEASHELLS;5031.0;5
290500;;;AMETHYSTS;SEASHELLS;9998.0;2
290700;;;AMETHYSTS;SEASHELLS;10002.0;1
290800;;;AMETHYSTS;SEASHELLS;10004.0;10
290800;;;AMETHYSTS;SEASHELLS;10004.0;2
290800;;;AMETHYSTS;SEASHELLS;10002.0;1
291000;;;AMETHYSTS;SEASHELLS;9998.0;1
291100;;;STARFRUIT;SEASHELLS;5035.0;1
291100;;;STARFRUIT;SEASHELLS;5036.0;2
291100;;;AMETHYSTS;SEASHELLS;10002.0;2
291100;;;STARFRUIT;SEASHELLS;5036.0;12
292100;;;STARFRUIT;SEASHELLS;5034.0;5
292300;;;STARFRUIT;SEASHELLS;5035.0;1
292800;;;AMETHYSTS;SEASHELLS;9998.0;5
293500;;;STARFRUIT;SEASHELLS;5031.0;7
293500;;;STARFRUIT;SEASHELLS;5031.0;1
293600;;;AMETHYSTS;SEASHELLS;9996.0;1
293600;;;STARFRUIT;SEASHELLS;5031.0;2
293600;;;AMETHYSTS;SEASHELLS;9996.0;1
294100;;;AMETHYSTS;SEASHELLS;10002.0;1
294400;;;STARFRUIT;SEASHELLS;5035.0;1
294400;;;STARFRUIT;SEASHELLS;5037.0;1
294400;;;STARFRUIT;SEASHELLS;5035.0;3
294400;;;AMETHYSTS;SEASHELLS;10002.0;1
294400;;;AMETHYSTS;SEASHELLS;10004.0;1
294600;;;AMETHYSTS;SEASHELLS;9995.0;8
294700;;;STARFRUIT;SEASHELLS;5031.0;1
295300;;;AMETHYSTS;SEASHELLS;10004.0;1
295300;;;STARFRUIT;SEASHELLS;5036.0;1
295400;;;STARFRUIT;SEASHELLS;5030.0;10
295400;;;STARFRUIT;SEASHELLS;5033.0;5
295600;;;STARFRUIT;SEASHELLS;5035.0;1
295800;;;AMETHYSTS;SEASHELLS;9996.0;2
295800;;;STARFRUIT;SEASHELLS;5030.0;2
296000;;;AMETHYSTS;SEASHELLS;9998.0;1
296100;;;AMETHYSTS;SEASHELLS;9998.0;1
296100;;;STARFRUIT;SEASHELLS;5035.0;1
296300;;;STARFRUIT;SEASHELLS;5035.0;1
296300;;;AMETHYSTS;SEASHELLS;10005.0;1
296500;;;AMETHYSTS;SEASHELLS;10004.0;2
296700;;;AMETHYSTS;SEASHELLS;10002.0;5
296900;;;STARFRUIT;SEASHELLS;5032.0;4
297200;;;AMETHYSTS;SEASHELLS;10004.0;1
297200;;;STARFRUIT;SEASHELLS;5036.0;1
297200;;;AMETHYSTS;SEASHELLS;10004.0;1
297200;;;STARFRUIT;SEASHELLS;5030.0;1
297200;;;STARFRUIT;SEASHELLS;5036.0;1
297800;;;STARFRUIT;SEASHELLS;5031.0;1
297900;;;STARFRUIT;SEASHELLS;5037.0;2
298800;;;AMETHYSTS;SEASHELLS;9998.0;1
299000;;;STARFRUIT;SEASHELLS;5032.0;1
299100;;;STARFRUIT;SEASHELLS;5038.0;2
299100;;;AMETHYSTS;SEASHELLS;9998.0;1
299400;;;STARFRUIT;SEASHELLS;5036.0;1
299500;;;STARFRUIT;SEASHELLS;5031.0;12
299500;;;STARFRUIT;SEASHELLS;5031.0;1
299500;;;AMETHYSTS;SEASHELLS;9996.0;1
299600;;;AMETHYSTS;SEASHELLS;10004.0;1
299800;;;STARFRUIT;SEASHELLS;5032.0;1
300300;;;STARFRUIT;SEASHELLS;5033.0;3
300900;;;STARFRUIT;SEASHELLS;5033.0;1
301000;;;AMETHYSTS;SEASHELLS;9996.0;2
301000;;;STARFRUIT;SEASHELLS;5033.0;2
301000;;;AMETHYSTS;SEASHELLS;9995.0;2
301100;;;STARFRUIT;SEASHELLS;5037.0;4
301100;;;STARFRUIT;SEASHELLS;5038.0;1
301300;;;STARFRUIT;SEASHELLS;5039.0;13
301500;;;AMETHYSTS;SEASHELLS;9998.0;3
301500;;;STARFRUIT;SEASHELLS;5033.0;1
301500;;;AMETHYSTS;SEASHELLS;9998.0;5
301600;;;STARFRUIT;SEASHELLS;5033.0;1
301600;;;AMETHYSTS;SEASHELLS;10002.0;1
302000;;;AMETHYSTS;SEASHELLS;9996.0;1
302000;;;STARFRUIT;SEASHELLS;5032.0;1
302500;;;STARFRUIT;SEASHELLS;5036.0;3
302800;;;STARFRUIT;SEASHELLS;5034.0;1
302800;;;AMETHYSTS;SEASHELLS;10002.0;6
303400;;;AMETHYSTS;SEASHELLS;10002.0;5
303500;;;AMETHYSTS;SEASHELLS;10002.0;2
304000;;;AMETHYSTS;SEASHELLS;9998.0;1
304600;;;AMETHYSTS;SEASHELLS;9998.0;1
304600;;;STARFRUIT;SEASHELLS;5040.0;1
305700;;;AMETHYSTS;SEASHELLS;10002.0;1
305800;;;STARFRUIT;SEASHELLS;5034.0;2
305800;;;AMETHYSTS;SEASHELLS;9995.0;2
306000;;;STARFRUIT;SEASHELLS;5039.0;7
306200;;;STARFRUIT;SEASHELLS;5036.0;1
306400;;;AMETHYSTS;SEASHELLS;10004.0;1
306400;;;STARFRUIT;SEASHELLS;5043.0;9
306400;;;STARFRUIT;SEASHELLS;5043.0;2
306400;;;AMETHYSTS;SEASHELLS;10004.0;1
306600;;;STARFRUIT;SEASHELLS;5041.0;1
307000;;;AMETHYSTS;SEASHELLS;10004.0;1
307000;;;STARFRUIT;SEASHELLS;5041.0;1
307000;;;STARFRUIT;SEASHELLS;5043.0;1
307600;;;AMETHYSTS;SEASHELLS;10002.0;3
307700;;;STARFRUIT;SEASHELLS;5036.0;1
307700;;;AMETHYSTS;SEASHELLS;10002.0;4
308000;;;AMETHYSTS;SEASHELLS;9995.0;3
308900;;;STARFRUIT;SEASHELLS;5042.0;1
309000;;;STARFRUIT;SEASHELLS;5041.0;2
309000;;;STARFRUIT;SEASHELLS;5041.0;1
309300;;;AMETHYSTS;SEASHELLS;9998.0;1
309400;;;AMETHYSTS;SEASHELLS;9998.0;1
309600;;;AMETHYSTS;SEASHELLS;9996.0;1
309600;;;STARFRUIT;SEASHELLS;5036.0;2
309600;;;AMETHYSTS;SEASHELLS;9996.0;1
309600;;;STARFRUIT;SEASHELLS;5037.0;4
309700;;;AMETHYSTS;SEASHELLS;10004.0;9
309700;;;AMETHYSTS;SEASHELLS;10004.0;1
309900;;;STARFRUIT;SEASHELLS;5036.0;9
309900;;;STARFRUIT;SEASHELLS;5036.0;11
310500;;;STARFRUIT;SEASHELLS;5041.0;8
310700;;;STARFRUIT;SEASHELLS;5038.0;5
311100;;;STARFRUIT;SEASHELLS;5037.0;5
311200;;;STARFRUIT;SEASHELLS;5036.0;3
311300;;;STARFRUIT;SEASHELLS;5035.0;1
311400;;;STARFRUIT;SEASHELLS;5041.0;1
311400;;;AMETHYSTS;SEASHELLS;9998.0;1
311500;;;STARFRUIT;SEASHELLS;5042.0;1
311600;;;STARFRUIT;SEASHELLS;5042.0;1
312500;;;AMETHYSTS;SEASHELLS;9998.0;1
312600;;;STARFRUIT;SEASHELLS;5035.0;9
312700;;;STARFRUIT;SEASHELLS;5037.0;3
312700;;;STARFRUIT;SEASHELLS;5037.0;1
312800;;;STARFRUIT;SEASHELLS;5040.0;1
312800;;;STARFRUIT;SEASHELLS;5040.0;3
312900;;;AMETHYSTS;SEASHELLS;9996.0;1
312900;;;AMETHYSTS;SEASHELLS;9996.0;1
312900;;;STARFRUIT;SEASHELLS;5036.0;2
313000;;;STARFRUIT;SEASHELLS;5041.0;1
313100;;;AMETHYSTS;SEASHELLS;9998.0;1
313400;;;AMETHYSTS;SEASHELLS;9996.0;2
313700;;;STARFRUIT;SEASHELLS;5042.0;1
313800;;;AMETHYSTS;SEASHELLS;9996.0;3
313800;;;AMETHYSTS;SEASHELLS;9996.0;1
314200;;;STARFRUIT;SEASHELLS;5040.0;9
314500;;;STARFRUIT;SEASHELLS;5041.0;6
314500;;;STARFRUIT;SEASHELLS;5041.0;4
314500;;;AMETHYSTS;SEASHELLS;10002.0;3
314600;;;AMETHYSTS;SEASHELLS;9996.0;5
314600;;;AMETHYSTS;SEASHELLS;9996.0;2
314700;;;STARFRUIT;SEASHELLS;5041.0;1
314800;;;AMETHYSTS;SEASHELLS;10002.0;1
314800;;;STARFRUIT;SEASHELLS;5041.0;1
315000;;;AMETHYSTS;SEASHELLS;9996.0;2
315000;;;STARFRUIT;SEASHELLS;5035.0;2
315100;;;STARFRUIT;SEASHELLS;5035.0;1
315100;;;AMETHYSTS;SEASHELLS;9998.0;1
315300;;;STARFRUIT;SEASHELLS;5043.0;10
315500;;;STARFRUIT;SEASHELLS;5036.0;1
315600;;;AMETHYSTS;SEASHELLS;9998.0;1
316300;;;AMETHYSTS;SEASHELLS;10002.0;1
316300;;;STARFRUIT;SEASHELLS;5035.0;2
316500;;;AMETHYSTS;SEASHELLS;9998.0;1
316900;;;STARFRUIT;SEASHELLS;5044.0;1
316900;;;AMETHYSTS;SEASHELLS;10004.0;1
317000;;;STARFRUIT;SEASHELLS;5043.0;1
317100;;;STARFRUIT;SEASHELLS;5043.0;1
317200;;;STARFRUIT;SEASHELLS;5043.0;1
317600;;;STARFRUIT;SEASHELLS;5038.0;1
317700;;;AMETHYSTS;SEASHELLS;10004.0;5
317700;;;AMETHYSTS;SEASHELLS;10002.0;1
317700;;;AMETHYSTS;SEASHELLS;10004.0;1
317900;;;STARFRUIT;SEASHELLS;5038.0;13
318000;;;AMETHYSTS;SEASHELLS;9996.0;8
318000;;;AMETHYSTS;SEASHELLS;9996.0;1
318200;;;STARFRUIT;SEASHELLS;5043.0;1
318300;;;STARFRUIT;SEASHELLS;5038.0;1
318500;;;STARFRUIT;SEASHELLS;5037.0;2
318500;;;AMETHYSTS;SEASHELLS;9995.0;2
318600;;;AMETHYSTS;SEASHELLS;10005.0;8
318800;;;STARFRUIT;SEASHELLS;5039.0;2
318800;;;AMETHYSTS;SEASHELLS;9996.0;2
319000;;;AMETHYSTS;SEASHELLS;10004.0;1
319000;;;STARFRUIT;SEASHELLS;5045.0;1
319200;;;STARFRUIT;SEASHELLS;5038.0;2
319200;;;AMETHYSTS;SEASHELLS;9998.0;2
319500;;;STARFRUIT;SEASHELLS;5039.0;1
319500;;;STARFRUIT;SEASHELLS;5039.0;6
319800;;;STARFRUIT;SEASHELLS;5046.0;6
320100;;;STARFRUIT;SEASHELLS;5040.0;1
320200;;;AMETHYSTS;SEASHELLS;9998.0;1
320300;;;AMETHYSTS;SEASHELLS;9998.0;1
320700;;;STARFRUIT;SEASHELLS;5042.0;1
320800;;;STARFRUIT;SEASHELLS;5046.0;2
320800;;;STARFRUIT;SEASHELLS;5046.0;3
321800;;;AMETHYSTS;SEASHELLS;10002.0;1
322100;;;AMETHYSTS;SEASHELLS;9998.0;1
322900;;;STARFRUIT;SEASHELLS;5039.0;2
323000;;;STARFRUIT;SEASHELLS;5042.0;1
323100;;;STARFRUIT;SEASHELLS;5037.0;1
323300;;;STARFRUIT;SEASHELLS;5044.0;2
323300;;;AMETHYSTS;SEASHELLS;10005.0;2
323300;;;AMETHYSTS;SEASHELLS;9998.0;1
323600;;;STARFRUIT;SEASHELLS;5043.0;1
324500;;;AMETHYSTS;SEASHELLS;10002.0;2
324600;;;AMETHYSTS;SEASHELLS;9998.0;1
325000;;;STARFRUIT;SEASHELLS;5045.0;1
325000;;;AMETHYSTS;SEASHELLS;9998.0;1
325100;;;STARFRUIT;SEASHELLS;5039.0;1
325200;;;STARFRUIT;SEASHELLS;5044.0;1
325500;;;STARFRUIT;SEASHELLS;5040.0;1
325500;;;STARFRUIT;SEASHELLS;5040.0;3
325500;;;AMETHYSTS;SEASHELLS;10004.0;1
325700;;;AMETHYSTS;SEASHELLS;9998.0;1
325900;;;STARFRUIT;SEASHELLS;5044.0;8
326000;;;STARFRUIT;SEASHELLS;5043.0;1
326000;;;STARFRUIT;SEASHELLS;5043.0;7
326200;;;AMETHYSTS;SEASHELLS;10002.0;1
326400;;;AMETHYSTS;SEASHELLS;10005.0;2
326400;;;STARFRUIT;SEASHELLS;5046.0;2
326600;;;AMETHYSTS;SEASHELLS;9996.0;2
326600;;;AMETHYSTS;SEASHELLS;9996.0;6
326700;;;AMETHYSTS;SEASHELLS;9996.0;2
326700;;;STARFRUIT;SEASHELLS;5040.0;2
326800;;;STARFRUIT;SEASHELLS;5044.0;3
327000;;;STARFRUIT;SEASHELLS;5043.0;4
327100;;;AMETHYSTS;SEASHELLS;10002.0;4
327200;;;STARFRUIT;SEASHELLS;5043.0;3
327400;;;AMETHYSTS;SEASHELLS;10002.0;5
327500;;;STARFRUIT;SEASHELLS;5044.0;1
327600;;;AMETHYSTS;SEASHELLS;10002.0;1
327700;;;STARFRUIT;SEASHELLS;5044.0;7
327800;;;AMETHYSTS;SEASHELLS;10002.0;1
328200;;;AMETHYSTS;SEASHELLS;9998.0;1
328400;;;AMETHYSTS;SEASHELLS;10002.0;1
329400;;;AMETHYSTS;SEASHELLS;10002.0;2
329500;;;STARFRUIT;SEASHELLS;5047.0;1
329500;;;AMETHYSTS;SEASHELLS;10002.0;1
329800;;;AMETHYSTS;SEASHELLS;10002.0;1
329900;;;STARFRUIT;SEASHELLS;5039.0;1
330000;;;STARFRUIT;SEASHELLS;5039.0;9
330300;;;STARFRUIT;SEASHELLS;5040.0;1
330700;;;STARFRUIT;SEASHELLS;5041.0;1
331300;;;STARFRUIT;SEASHELLS;5041.0;1
331300;;;AMETHYSTS;SEASHELLS;9996.0;1
332100;;;AMETHYSTS;SEASHELLS;9998.0;3
332100;;;AMETHYSTS;SEASHELLS;9998.0;1
332500;;;STARFRUIT;SEASHELLS;5044.0;4
332600;;;STARFRUIT;SEASHELLS;5042.0;1
333200;;;STARFRUIT;SEASHELLS;5041.0;1
333200;;;AMETHYSTS;SEASHELLS;10002.0;2
333400;;;STARFRUIT;SEASHELLS;5046.0;1
333600;;;AMETHYSTS;SEASHELLS;10002.0;1
333600;;;STARFRUIT;SEASHELLS;5046.0;1
333700;;;STARFRUIT;SEASHELLS;5041.0;1
334300;;;STARFRUIT;SEASHELLS;5041.0;1
334300;;;AMETHYSTS;SEASHELLS;9995.0;2
334300;;;STARFRUIT;SEASHELLS;5041.0;1
334400;;;STARFRUIT;SEASHELLS;5047.0;4
334800;;;AMETHYSTS;SEASHELLS;9996.0;1
334800;;;AMETHYSTS;SEASHELLS;9996.0;5
335400;;;AMETHYSTS;SEASHELLS;9998.0;1
335700;;;STARFRUIT;SEASHELLS;5046.0;1
336500;;;AMETHYSTS;SEASHELLS;9998.0;2
336500;;;STARFRUIT;SEASHELLS;5041.0;2
336700;;;AMETHYSTS;SEASHELLS;9998.0;6
336800;;;STARFRUIT;SEASHELLS;5041.0;1
337100;;;STARFRUIT;SEASHELLS;5045.0;2
337100;;;AMETHYSTS;SEASHELLS;10005.0;2
337100;;;STARFRUIT;SEASHELLS;5046.0;1
337700;;;AMETHYSTS;SEASHELLS;10002.0;1
337900;;;AMETHYSTS;SEASHELLS;10002.0;1
338400;;;AMETHYSTS;SEASHELLS;10002.0;1
338500;;;STARFRUIT;SEASHELLS;5042.0;1
338500;;;STARFRUIT;SEASHELLS;5043.0;10
339300;;;STARFRUIT;SEASHELLS;5047.0;1
339800;;;AMETHYSTS;SEASHELLS;10004.0;1
339800;;;STARFRUIT;SEASHELLS;5049.0;1
339900;;;STARFRUIT;SEASHELLS;5045.0;6
341100;;;STARFRUIT;SEASHELLS;5045.0;1
341100;;;AMETHYSTS;SEASHELLS;10002.0;1
341200;;;AMETHYSTS;SEASHELLS;9995.0;11
341300;;;AMETHYSTS;SEASHELLS;10002.0;1
341300;;;STARFRUIT;SEASHELLS;5044.0;14
341500;;;STARFRUIT;SEASHELLS;5051.0;6
341500;;;AMETHYSTS;SEASHELLS;9998.0;1
341700;;;STARFRUIT;SEASHELLS;5048.0;1
341700;;;AMETHYSTS;SEASHELLS;9996.0;1
341800;;;AMETHYSTS;SEASHELLS;9998.0;5
341800;;;AMETHYSTS;SEASHELLS;9998.0;1
342600;;;AMETHYSTS;SEASHELLS;9995.0;3
342800;;;STARFRUIT;SEASHELLS;5045.0;1
342800;;;AMETHYSTS;SEASHELLS;10002.0;1
342900;;;AMETHYSTS;SEASHELLS;9998.0;1
343100;;;STARFRUIT;SEASHELLS;5046.0;1
343500;;;STARFRUIT;SEASHELLS;5051.0;1
343500;;;AMETHYSTS;SEASHELLS;9998.0;1
343900;;;STARFRUIT;SEASHELLS;5052.0;1
344300;;;STARFRUIT;SEASHELLS;5054.0;2
344300;;;AMETHYSTS;SEASHELLS;10002.0;2
344400;;;STARFRUIT;SEASHELLS;5052.0;1
344400;;;STARFRUIT;SEASHELLS;5052.0;8
344400;;;AMETHYSTS;SEASHELLS;9995.0;1
344600;;;AMETHYSTS;SEASHELLS;10002.0;4
344900;;;STARFRUIT;SEASHELLS;5054.0;1
344900;;;AMETHYSTS;SEASHELLS;10004.0;1
344900;;;STARFRUIT;SEASHELLS;5047.0;1
345000;;;AMETHYSTS;SEASHELLS;10002.0;1
345200;;;STARFRUIT;SEASHELLS;5047.0;1
345400;;;AMETHYSTS;SEASHELLS;9998.0;1
345700;;;AMETHYSTS;SEASHELLS;9998.0;1
345700;;;STARFRUIT;SEASHELLS;5048.0;7
345800;;;STARFRUIT;SEASHELLS;5050.0;3
346200;;;AMETHYSTS;SEASHELLS;10002.0;1
346600;;;STARFRUIT;SEASHELLS;5053.0;1
346600;;;AMETHYSTS;SEASHELLS;9998.0;2
346600;;;AMETHYSTS;SEASHELLS;9998.0;4
346800;;;AMETHYSTS;SEASHELLS;10002.0;1
346900;;;STARFRUIT;SEASHELLS;5048.0;1
347100;;;AMETHYSTS;SEASHELLS;10002.0;2
347100;;;STARFRUIT;SEASHELLS;5053.0;2
347400;;;AMETHYSTS;SEASHELLS;9998.0;5
347400;;;AMETHYSTS;SEASHELLS;9998.0;1
347400;;;AMETHYSTS;SEASHELLS;10002.0;1
347800;;;STARFRUIT;SEASHELLS;5054.0;1
348000;;;AMETHYSTS;SEASHELLS;10002.0;1
348500;;;AMETHYSTS;SEASHELLS;9996.0;1
348500;;;STARFRUIT;SEASHELLS;5048.0;2
349100;;;STARFRUIT;SEASHELLS;5051.0;5
349200;;;AMETHYSTS;SEASHELLS;9998.0;1
349500;;;STARFRUIT;SEASHELLS;5054.0;1
349700;;;STARFRUIT;SEASHELLS;5049.0;3
349900;;;AMETHYSTS;SEASHELLS;10004.0;2
349900;;;AMETHYSTS;SEASHELLS;10004.0;6
349900;;;STARFRUIT;SEASHELLS;5053.0;1
350200;;;AMETHYSTS;SEASHELLS;10002.0;1
350300;;;AMETHYSTS;SEASHELLS;10005.0;8
350600;;;AMETHYSTS;SEASHELLS;9996.0;1
350600;;;STARFRUIT;SEASHELLS;5045.0;2
350600;;;AMETHYSTS;SEASHELLS;9996.0;1
350700;;;AMETHYSTS;SEASHELLS;9995.0;1
350700;;;STARFRUIT;SEASHELLS;5044.0;1
350800;;;STARFRUIT;SEASHELLS;5044.0;1
350800;;;STARFRUIT;SEASHELLS;5044.0;6
350900;;;STARFRUIT;SEASHELLS;5043.0;11
350900;;;AMETHYSTS;SEASHELLS;9998.0;2
351100;;;AMETHYSTS;SEASHELLS;10002.0;1
351300;;;AMETHYSTS;SEASHELLS;10002.0;1
351400;;;AMETHYSTS;SEASHELLS;9995.0;2
351400;;;STARFRUIT;SEASHELLS;5042.0;2
351600;;;AMETHYSTS;SEASHELLS;10002.0;3
351600;;;AMETHYSTS;SEASHELLS;9998.0;1
351600;;;AMETHYSTS;SEASHELLS;9998.0;3
351700;;;STARFRUIT;SEASHELLS;5042.0;1
352000;;;AMETHYSTS;SEASHELLS;10002.0;1
352000;;;STARFRUIT;SEASHELLS;5048.0;1
352100;;;STARFRUIT;SEASHELLS;5047.0;1
352200;;;STARFRUIT;SEASHELLS;5042.0;1
352200;;;STARFRUIT;SEASHELLS;5042.0;4
352300;;;STARFRUIT;SEASHELLS;5042.0;1
352900;;;STARFRUIT;SEASHELLS;5047.0;1
353400;;;STARFRUIT;SEASHELLS;5046.0;1
353400;;;AMETHYSTS;SEASHELLS;10002.0;1
353600;;;STARFRUIT;SEASHELLS;5043.0;2
353800;;;STARFRUIT;SEASHELLS;5046.0;1
353900;;;AMETHYSTS;SEASHELLS;9995.0;1
353900;;;STARFRUIT;SEASHELLS;5040.0;1
354900;;;AMETHYSTS;SEASHELLS;9998.0;1
355100;;;STARFRUIT;SEASHELLS;5046.0;1
355200;;;AMETHYSTS;SEASHELLS;10002.0;1
355200;;;AMETHYSTS;SEASHELLS;10002.0;2
355300;;;STARFRUIT;SEASHELLS;5041.0;1
355400;;;STARFRUIT;SEASHELLS;5041.0;1
355400;;;AMETHYSTS;SEASHELLS;10004.0;1
355500;;;STARFRUIT;SEASHELLS;5041.0;1
355700;;;STARFRUIT;SEASHELLS;5046.0;4
356000;;;AMETHYSTS;SEASHELLS;10002.0;1
356500;;;STARFRUIT;SEASHELLS;5042.0;1
356700;;;STARFRUIT;SEASHELLS;5043.0;1
356800;;;AMETHYSTS;SEASHELLS;10005.0;7
357000;;;STARFRUIT;SEASHELLS;5043.0;15
357200;;;STARFRUIT;SEASHELLS;5050.0;1
357200;;;AMETHYSTS;SEASHELLS;10004.0;1
357200;;;AMETHYSTS;SEASHELLS;10004.0;1
357200;;;STARFRUIT;SEASHELLS;5044.0;1
357200;;;STARFRUIT;SEASHELLS;5050.0;1
357400;;;STARFRUIT;SEASHELLS;5050.0;2
357400;;;AMETHYSTS;SEASHELLS;10004.0;2
357500;;;AMETHYSTS;SEASHELLS;10002.0;1
357500;;;STARFRUIT;SEASHELLS;5048.0;1
357700;;;STARFRUIT;SEASHELLS;5043.0;1
357900;;;STARFRUIT;SEASHELLS;5044.0;2
358000;;;AMETHYSTS;SEASHELLS;9998.0;1
358400;;;STARFRUIT;SEASHELLS;5048.0;1
358700;;;STARFRUIT;SEASHELLS;5044.0;1
359000;;;AMETHYSTS;SEASHELLS;9998.0;1
359100;;;STARFRUIT;SEASHELLS;5051.0;1
359100;;;AMETHYSTS;SEASHELLS;10002.0;1
359200;;;STARFRUIT;SEASHELLS;5050.0;1
359700;;;STARFRUIT;SEASHELLS;5047.0;4
359800;;;STARFRUIT;SEASHELLS;5044.0;1
360300;;;STARFRUIT;SEASHELLS;5044.0;1
360300;;;AMETHYSTS;SEASHELLS;9996.0;1
360400;;;AMETHYSTS;SEASHELLS;10005.0;2
360400;;;STARFRUIT;SEASHELLS;5051.0;2
360900;;;AMETHYSTS;SEASHELLS;10002.0;1
360900;;;STARFRUIT;SEASHELLS;5045.0;2
361400;;;STARFRUIT;SEASHELLS;5050.0;1
361400;;;AMETHYSTS;SEASHELLS;10002.0;1
361500;;;AMETHYSTS;SEASHELLS;10002.0;3
361600;;;AMETHYSTS;SEASHELLS;9998.0;1
362300;;;STARFRUIT;SEASHELLS;5052.0;1
362800;;;AMETHYSTS;SEASHELLS;10002.0;7
363100;;;AMETHYSTS;SEASHELLS;10002.0;1
363200;;;STARFRUIT;SEASHELLS;5049.0;1
363700;;;AMETHYSTS;SEASHELLS;9998.0;1
363800;;;STARFRUIT;SEASHELLS;5055.0;2
363800;;;AMETHYSTS;SEASHELLS;10002.0;2
365100;;;AMETHYSTS;SEASHELLS;10005.0;6
365400;;;STARFRUIT;SEASHELLS;5049.0;1
365700;;;STARFRUIT;SEASHELLS;5051.0;5
366000;;;STARFRUIT;SEASHELLS;5054.0;1
366300;;;AMETHYSTS;SEASHELLS;10000.0;6
366500;;;STARFRUIT;SEASHELLS;5054.0;1
366700;;;STARFRUIT;SEASHELLS;5053.0;1
366800;;;STARFRUIT;SEASHELLS;5047.0;8
367100;;;STARFRUIT;SEASHELLS;5049.0;2
367100;;;STARFRUIT;SEASHELLS;5048.0;9
367600;;;AMETHYSTS;SEASHELLS;10002.0;2
367600;;;STARFRUIT;SEASHELLS;5053.0;2
367800;;;STARFRUIT;SEASHELLS;5046.0;12
368000;;;STARFRUIT;SEASHELLS;5047.0;1
368200;;;AMETHYSTS;SEASHELLS;10005.0;1
368200;;;STARFRUIT;SEASHELLS;5051.0;1
368300;;;STARFRUIT;SEASHELLS;5047.0;1
368400;;;STARFRUIT;SEASHELLS;5046.0;1
368700;;;AMETHYSTS;SEASHELLS;9998.0;1
368900;;;STARFRUIT;SEASHELLS;5045.0;1
368900;;;AMETHYSTS;SEASHELLS;9998.0;1
369600;;;STARFRUIT;SEASHELLS;5049.0;14
369700;;;STARFRUIT;SEASHELLS;5048.0;2
369800;;;AMETHYSTS;SEASHELLS;10002.0;3
370000;;;AMETHYSTS;SEASHELLS;10002.0;1
370100;;;AMETHYSTS;SEASHELLS;9998.0;1
370300;;;STARFRUIT;SEASHELLS;5043.0;1
371000;;;AMETHYSTS;SEASHELLS;9998.0;1
371100;;;STARFRUIT;SEASHELLS;5045.0;7
371200;;;STARFRUIT;SEASHELLS;5044.0;1
371300;;;STARFRUIT;SEASHELLS;5048.0;1
371400;;;STARFRUIT;SEASHELLS;5043.0;15
371400;;;AMETHYSTS;SEASHELLS;10005.0;9
371600;;;AMETHYSTS;SEASHELLS;10000.0;2
371600;;;STARFRUIT;SEASHELLS;5049.0;1
371900;;;STARFRUIT;SEASHELLS;5045.0;1
372300;;;STARFRUIT;SEASHELLS;5049.0;1
372500;;;AMETHYSTS;SEASHELLS;9998.0;1
373300;;;STARFRUIT;SEASHELLS;5045.0;1
373300;;;AMETHYSTS;SEASHELLS;9996.0;1
373600;;;AMETHYSTS;SEASHELLS;10002.0;1
373900;;;STARFRUIT;SEASHELLS;5049.0;2
374100;;;STARFRUIT;SEASHELLS;5050.0;1
374100;;;STARFRUIT;SEASHELLS;5052.0;2
374100;;;AMETHYSTS;SEASHELLS;10005.0;2
374100;;;STARFRUIT;SEASHELLS;5049.0;2
374200;;;STARFRUIT;SEASHELLS;5050.0;1
374700;;;AMETHYSTS;SEASHELLS;10002.0;2
374800;;;AMETHYSTS;SEASHELLS;9998.0;1
374900;;;AMETHYSTS;SEASHELLS;9996.0;1
374900;;;AMETHYSTS;SEASHELLS;9996.0;2
375300;;;AMETHYSTS;SEASHELLS;10005.0;2
375300;;;AMETHYSTS;SEASHELLS;10005.0;2
375300;;;STARFRUIT;SEASHELLS;5050.0;2
375600;;;STARFRUIT;SEASHELLS;5044.0;2
375600;;;STARFRUIT;SEASHELLS;5044.0;4
375800;;;STARFRUIT;SEASHELLS;5045.0;1
375900;;;STARFRUIT;SEASHELLS;5045.0;1
375900;;;AMETHYSTS;SEASHELLS;9996.0;1
376100;;;AMETHYSTS;SEASHELLS;9996.0;2
376100;;;STARFRUIT;SEASHELLS;5050.0;8
376500;;;STARFRUIT;SEASHELLS;5045.0;1
376700;;;AMETHYSTS;SEASHELLS;10002.0;1
377000;;;STARFRUIT;SEASHELLS;5049.0;1
377400;;;STARFRUIT;SEASHELLS;5044.0;2
377400;;;STARFRUIT;SEASHELLS;5045.0;2
377400;;;AMETHYSTS;SEASHELLS;9996.0;1
377400;;;AMETHYSTS;SEASHELLS;9996.0;1
377800;;;STARFRUIT;SEASHELLS;5046.0;2
377800;;;STARFRUIT;SEASHELLS;5046.0;2
377800;;;AMETHYSTS;SEASHELLS;9996.0;2
377900;;;STARFRUIT;SEASHELLS;5048.0;2
378200;;;AMETHYSTS;SEASHELLS;9998.0;1
378300;;;AMETHYSTS;SEASHELLS;9995.0;11
378700;;;AMETHYSTS;SEASHELLS;10002.0;1
378800;;;STARFRUIT;SEASHELLS;5047.0;2
378800;;;STARFRUIT;SEASHELLS;5047.0;1
378900;;;STARFRUIT;SEASHELLS;5046.0;3
379200;;;STARFRUIT;SEASHELLS;5047.0;4
379200;;;STARFRUIT;SEASHELLS;5047.0;1
379300;;;AMETHYSTS;SEASHELLS;9998.0;1
379300;;;STARFRUIT;SEASHELLS;5042.0;6
379700;;;STARFRUIT;SEASHELLS;5049.0;1
379700;;;AMETHYSTS;SEASHELLS;9998.0;1
379900;;;STARFRUIT;SEASHELLS;5045.0;6
380000;;;STARFRUIT;SEASHELLS;5043.0;1
380300;;;STARFRUIT;SEASHELLS;5042.0;15
380600;;;STARFRUIT;SEASHELLS;5043.0;2
381000;;;STARFRUIT;SEASHELLS;5048.0;1
381000;;;AMETHYSTS;SEASHELLS;10002.0;1
381300;;;AMETHYSTS;SEASHELLS;9998.0;5
381700;;;AMETHYSTS;SEASHELLS;9998.0;1
381900;;;STARFRUIT;SEASHELLS;5040.0;1
382000;;;STARFRUIT;SEASHELLS;5045.0;5
382100;;;AMETHYSTS;SEASHELLS;10002.0;2
382200;;;STARFRUIT;SEASHELLS;5045.0;5
382200;;;STARFRUIT;SEASHELLS;5045.0;1
383000;;;AMETHYSTS;SEASHELLS;9998.0;1
383200;;;AMETHYSTS;SEASHELLS;10005.0;3
383300;;;STARFRUIT;SEASHELLS;5039.0;1
383400;;;STARFRUIT;SEASHELLS;5038.0;1
383400;;;AMETHYSTS;SEASHELLS;9995.0;1
383800;;;STARFRUIT;SEASHELLS;5043.0;1
384100;;;STARFRUIT;SEASHELLS;5039.0;1
384300;;;AMETHYSTS;SEASHELLS;10002.0;1
384600;;;AMETHYSTS;SEASHELLS;9998.0;3
384600;;;STARFRUIT;SEASHELLS;5044.0;5
384600;;;AMETHYSTS;SEASHELLS;9998.0;1
384700;;;STARFRUIT;SEASHELLS;5046.0;2
384700;;;AMETHYSTS;SEASHELLS;10005.0;2
385000;;;STARFRUIT;SEASHELLS;5045.0;1
385900;;;STARFRUIT;SEASHELLS;5039.0;1
386100;;;AMETHYSTS;SEASHELLS;9998.0;9
386200;;;STARFRUIT;SEASHELLS;5040.0;1
386400;;;STARFRUIT;SEASHELLS;5047.0;2
386400;;;AMETHYSTS;SEASHELLS;10005.0;2
386500;;;STARFRUIT;SEASHELLS;5040.0;1
386800;;;STARFRUIT;SEASHELLS;5041.0;1
387000;;;AMETHYSTS;SEASHELLS;9998.0;1
387000;;;STARFRUIT;SEASHELLS;5047.0;1
387100;;;AMETHYSTS;SEASHELLS;10002.0;1
387500;;;STARFRUIT;SEASHELLS;5045.0;3
387900;;;STARFRUIT;SEASHELLS;5040.0;1
388000;;;AMETHYSTS;SEASHELLS;10002.0;1
389000;;;STARFRUIT;SEASHELLS;5041.0;1
390200;;;STARFRUIT;SEASHELLS;5044.0;6
390600;;;AMETHYSTS;SEASHELLS;10002.0;1
390800;;;AMETHYSTS;SEASHELLS;9995.0;1
390800;;;STARFRUIT;SEASHELLS;5043.0;1
390800;;;AMETHYSTS;SEASHELLS;9996.0;1
390900;;;STARFRUIT;SEASHELLS;5048.0;1
391900;;;STARFRUIT;SEASHELLS;5042.0;1
392100;;;STARFRUIT;SEASHELLS;5047.0;5
392200;;;STARFRUIT;SEASHELLS;5042.0;10
392300;;;STARFRUIT;SEASHELLS;5049.0;11
392400;;;STARFRUIT;SEASHELLS;5043.0;1
392900;;;STARFRUIT;SEASHELLS;5043.0;1
392900;;;STARFRUIT;SEASHELLS;5046.0;2
392900;;;AMETHYSTS;SEASHELLS;9996.0;1
392900;;;STARFRUIT;SEASHELLS;5043.0;15
393000;;;STARFRUIT;SEASHELLS;5044.0;1
393400;;;AMETHYSTS;SEASHELLS;9998.0;1
394600;;;STARFRUIT;SEASHELLS;5045.0;1
394700;;;STARFRUIT;SEASHELLS;5050.0;1
394800;;;AMETHYSTS;SEASHELLS;9996.0;1
394800;;;STARFRUIT;SEASHELLS;5045.0;1
394900;;;AMETHYSTS;SEASHELLS;9998.0;3
395100;;;AMETHYSTS;SEASHELLS;10002.0;1
395300;;;AMETHYSTS;SEASHELLS;10002.0;1
395400;;;AMETHYSTS;SEASHELLS;9996.0;1
395400;;;AMETHYSTS;SEASHELLS;9996.0;2
395400;;;STARFRUIT;SEASHELLS;5050.0;1
395700;;;AMETHYSTS;SEASHELLS;10000.0;2
395700;;;STARFRUIT;SEASHELLS;5047.0;2
395900;;;AMETHYSTS;SEASHELLS;9998.0;1
396200;;;AMETHYSTS;SEASHELLS;10004.0;1
396200;;;STARFRUIT;SEASHELLS;5051.0;1
396300;;;AMETHYSTS;SEASHELLS;10002.0;1
396500;;;AMETHYSTS;SEASHELLS;9995.0;2
396500;;;STARFRUIT;SEASHELLS;5045.0;2
396600;;;STARFRUIT;SEASHELLS;5045.0;1
397000;;;STARFRUIT;SEASHELLS;5053.0;15
397100;;;AMETHYSTS;SEASHELLS;9995.0;6
397500;;;STARFRUIT;SEASHELLS;5052.0;2
397500;;;STARFRUIT;SEASHELLS;5046.0;1
397900;;;AMETHYSTS;SEASHELLS;9995.0;2
397900;;;STARFRUIT;SEASHELLS;5047.0;2
398400;;;STARFRUIT;SEASHELLS;5052.0;1
398500;;;STARFRUIT;SEASHELLS;5047.0;1
398700;;;STARFRUIT;SEASHELLS;5047.0;1
398700;;;AMETHYSTS;SEASHELLS;9996.0;1
399100;;;STARFRUIT;SEASHELLS;5049.0;5
399100;;;AMETHYSTS;SEASHELLS;10002.0;1
399300;;;STARFRUIT;SEASHELLS;5047.0;1
399400;;;AMETHYSTS;SEASHELLS;9996.0;1
399400;;;STARFRUIT;SEASHELLS;5047.0;2
399400;;;AMETHYSTS;SEASHELLS;9996.0;1
400500;;;STARFRUIT;SEASHELLS;5053.0;1
401300;;;AMETHYSTS;SEASHELLS;9996.0;2
401300;;;STARFRUIT;SEASHELLS;5053.0;2
402200;;;STARFRUIT;SEASHELLS;5054.0;7
403000;;;STARFRUIT;SEASHELLS;5057.0;2
403100;;;STARFRUIT;SEASHELLS;5051.0;1
403100;;;AMETHYSTS;SEASHELLS;9995.0;1
403300;;;AMETHYSTS;SEASHELLS;10002.0;2
403300;;;STARFRUIT;SEASHELLS;5054.0;6
403400;;;STARFRUIT;SEASHELLS;5057.0;2
403400;;;AMETHYSTS;SEASHELLS;10004.0;2
403500;;;STARFRUIT;SEASHELLS;5056.0;3
403500;;;STARFRUIT;SEASHELLS;5058.0;2
403500;;;STARFRUIT;SEASHELLS;5056.0;7
403500;;;AMETHYSTS;SEASHELLS;10005.0;2
403700;;;STARFRUIT;SEASHELLS;5057.0;1
403700;;;AMETHYSTS;SEASHELLS;10002.0;1
403700;;;STARFRUIT;SEASHELLS;5054.0;4
403900;;;AMETHYSTS;SEASHELLS;9998.0;5
404100;;;AMETHYSTS;SEASHELLS;9998.0;1
404400;;;AMETHYSTS;SEASHELLS;9998.0;2
404600;;;AMETHYSTS;SEASHELLS;10002.0;1
404600;;;STARFRUIT;SEASHELLS;5057.0;1
404700;;;STARFRUIT;SEASHELLS;5050.0;1
404800;;;AMETHYSTS;SEASHELLS;9998.0;1
405100;;;STARFRUIT;SEASHELLS;5051.0;1
405300;;;STARFRUIT;SEASHELLS;5054.0;4
405300;;;STARFRUIT;SEASHELLS;5055.0;1
405400;;;AMETHYSTS;SEASHELLS;10002.0;1
405600;;;STARFRUIT;SEASHELLS;5050.0;1
405800;;;AMETHYSTS;SEASHELLS;10002.0;1
406200;;;STARFRUIT;SEASHELLS;5050.0;10
406300;;;AMETHYSTS;SEASHELLS;9998.0;4
406400;;;STARFRUIT;SEASHELLS;5051.0;14
407300;;;STARFRUIT;SEASHELLS;5050.0;1
407400;;;AMETHYSTS;SEASHELLS;9996.0;2
407800;;;STARFRUIT;SEASHELLS;5050.0;1
408000;;;AMETHYSTS;SEASHELLS;10002.0;3
408300;;;AMETHYSTS;SEASHELLS;10002.0;1
408700;;;STARFRUIT;SEASHELLS;5055.0;1
409100;;;AMETHYSTS;SEASHELLS;10002.0;1
409300;;;AMETHYSTS;SEASHELLS;10000.0;2
409300;;;STARFRUIT;SEASHELLS;5054.0;2
409500;;;AMETHYSTS;SEASHELLS;10004.0;1
410500;;;AMETHYSTS;SEASHELLS;9998.0;5
410800;;;STARFRUIT;SEASHELLS;5054.0;1
410900;;;AMETHYSTS;SEASHELLS;9996.0;1
410900;;;AMETHYSTS;SEASHELLS;9996.0;6
411000;;;STARFRUIT;SEASHELLS;5050.0;1
411000;;;AMETHYSTS;SEASHELLS;9996.0;1
411100;;;STARFRUIT;SEASHELLS;5056.0;1
411100;;;STARFRUIT;SEASHELLS;5049.0;1
411100;;;AMETHYSTS;SEASHELLS;10005.0;1
411400;;;STARFRUIT;SEASHELLS;5049.0;1
411500;;;AMETHYSTS;SEASHELLS;9998.0;1
411500;;;STARFRUIT;SEASHELLS;5049.0;1
411600;;;STARFRUIT;SEASHELLS;5051.0;4
411700;;;STARFRUIT;SEASHELLS;5050.0;1
411800;;;AMETHYSTS;SEASHELLS;9998.0;1
411900;;;STARFRUIT;SEASHELLS;5050.0;1
411900;;;STARFRUIT;SEASHELLS;5050.0;6
412000;;;STARFRUIT;SEASHELLS;5051.0;1
412200;;;STARFRUIT;SEASHELLS;5057.0;1
412200;;;AMETHYSTS;SEASHELLS;10004.0;1
412400;;;AMETHYSTS;SEASHELLS;9996.0;1
412400;;;STARFRUIT;SEASHELLS;5051.0;1
412800;;;AMETHYSTS;SEASHELLS;10005.0;5
412900;;;STARFRUIT;SEASHELLS;5053.0;2
412900;;;STARFRUIT;SEASHELLS;5055.0;5
413400;;;STARFRUIT;SEASHELLS;5059.0;1
413400;;;AMETHYSTS;SEASHELLS;10002.0;1
413800;;;STARFRUIT;SEASHELLS;5058.0;1
413900;;;AMETHYSTS;SEASHELLS;10002.0;1
414100;;;STARFRUIT;SEASHELLS;5059.0;3
414100;;;STARFRUIT;SEASHELLS;5055.0;2
414500;;;AMETHYSTS;SEASHELLS;10002.0;3
414800;;;AMETHYSTS;SEASHELLS;10002.0;1
415000;;;AMETHYSTS;SEASHELLS;9996.0;2
415000;;;STARFRUIT;SEASHELLS;5056.0;2
415000;;;STARFRUIT;SEASHELLS;5056.0;5
415100;;;STARFRUIT;SEASHELLS;5056.0;1
415300;;;AMETHYSTS;SEASHELLS;10002.0;1
415500;;;STARFRUIT;SEASHELLS;5054.0;3
415500;;;AMETHYSTS;SEASHELLS;10002.0;1
415800;;;STARFRUIT;SEASHELLS;5051.0;1
415900;;;AMETHYSTS;SEASHELLS;9998.0;1
415900;;;STARFRUIT;SEASHELLS;5056.0;7
416000;;;STARFRUIT;SEASHELLS;5050.0;1
416100;;;AMETHYSTS;SEASHELLS;9996.0;6
416100;;;AMETHYSTS;SEASHELLS;9996.0;2
416100;;;STARFRUIT;SEASHELLS;5053.0;2
416100;;;AMETHYSTS;SEASHELLS;10002.0;1
416600;;;AMETHYSTS;SEASHELLS;9998.0;1
416800;;;AMETHYSTS;SEASHELLS;10004.0;7
416800;;;AMETHYSTS;SEASHELLS;10004.0;2
417000;;;AMETHYSTS;SEASHELLS;10002.0;1
417000;;;STARFRUIT;SEASHELLS;5054.0;1
417200;;;STARFRUIT;SEASHELLS;5055.0;1
417400;;;STARFRUIT;SEASHELLS;5052.0;5
417700;;;AMETHYSTS;SEASHELLS;10002.0;2
417700;;;STARFRUIT;SEASHELLS;5056.0;11
417700;;;STARFRUIT;SEASHELLS;5054.0;1
418100;;;AMETHYSTS;SEASHELLS;10004.0;9
418100;;;AMETHYSTS;SEASHELLS;10002.0;1
418100;;;AMETHYSTS;SEASHELLS;10004.0;2
418400;;;AMETHYSTS;SEASHELLS;10004.0;1
418500;;;AMETHYSTS;SEASHELLS;10004.0;3
418500;;;AMETHYSTS;SEASHELLS;10004.0;1
418500;;;STARFRUIT;SEASHELLS;5052.0;2
418700;;;STARFRUIT;SEASHELLS;5056.0;1
419000;;;AMETHYSTS;SEASHELLS;10002.0;4
419000;;;AMETHYSTS;SEASHELLS;10002.0;2
419100;;;STARFRUIT;SEASHELLS;5057.0;12
419100;;;STARFRUIT;SEASHELLS;5057.0;2
419400;;;AMETHYSTS;SEASHELLS;9998.0;2
419500;;;AMETHYSTS;SEASHELLS;9996.0;2
419500;;;STARFRUIT;SEASHELLS;5050.0;2
420500;;;AMETHYSTS;SEASHELLS;9998.0;1
420700;;;STARFRUIT;SEASHELLS;5056.0;1
420800;;;AMETHYSTS;SEASHELLS;10004.0;1
420800;;;STARFRUIT;SEASHELLS;5051.0;1
420800;;;AMETHYSTS;SEASHELLS;10004.0;2
420900;;;STARFRUIT;SEASHELLS;5055.0;1
421000;;;STARFRUIT;SEASHELLS;5055.0;1
421200;;;STARFRUIT;SEASHELLS;5051.0;1
421200;;;AMETHYSTS;SEASHELLS;9998.0;1
421300;;;AMETHYSTS;SEASHELLS;9998.0;5
421300;;;STARFRUIT;SEASHELLS;5056.0;1
421300;;;STARFRUIT;SEASHELLS;5056.0;4
422200;;;AMETHYSTS;SEASHELLS;9998.0;2
422500;;;AMETHYSTS;SEASHELLS;9998.0;1
422700;;;STARFRUIT;SEASHELLS;5052.0;1
422700;;;AMETHYSTS;SEASHELLS;9995.0;1
423500;;;STARFRUIT;SEASHELLS;5053.0;1
423500;;;STARFRUIT;SEASHELLS;5053.0;2
423500;;;AMETHYSTS;SEASHELLS;9995.0;2
423900;;;AMETHYSTS;SEASHELLS;10002.0;1
424200;;;STARFRUIT;SEASHELLS;5056.0;1
425100;;;STARFRUIT;SEASHELLS;5052.0;2
425100;;;AMETHYSTS;SEASHELLS;9996.0;2
425400;;;AMETHYSTS;SEASHELLS;9996.0;2
425400;;;STARFRUIT;SEASHELLS;5051.0;2
425500;;;AMETHYSTS;SEASHELLS;10004.0;2
425500;;;STARFRUIT;SEASHELLS;5058.0;2
426000;;;AMETHYSTS;SEASHELLS;9998.0;1
426400;;;STARFRUIT;SEASHELLS;5055.0;1
427300;;;AMETHYSTS;SEASHELLS;10005.0;2
427300;;;STARFRUIT;SEASHELLS;5056.0;2
427600;;;STARFRUIT;SEASHELLS;5054.0;2
427600;;;AMETHYSTS;SEASHELLS;9998.0;2
428100;;;AMETHYSTS;SEASHELLS;9998.0;1
428700;;;STARFRUIT;SEASHELLS;5053.0;2
428700;;;AMETHYSTS;SEASHELLS;9995.0;9
428700;;;AMETHYSTS;SEASHELLS;10002.0;2
428800;;;STARFRUIT;SEASHELLS;5052.0;1
429000;;;AMETHYSTS;SEASHELLS;10002.0;5
429100;;;STARFRUIT;SEASHELLS;5050.0;6
429100;;;AMETHYSTS;SEASHELLS;9998.0;3
429200;;;AMETHYSTS;SEASHELLS;9998.0;1
429200;;;AMETHYSTS;SEASHELLS;9998.0;3
429300;;;STARFRUIT;SEASHELLS;5048.0;1
429600;;;AMETHYSTS;SEASHELLS;9998.0;1
430800;;;STARFRUIT;SEASHELLS;5048.0;2
430800;;;AMETHYSTS;SEASHELLS;9996.0;2
430900;;;STARFRUIT;SEASHELLS;5052.0;3
431600;;;STARFRUIT;SEASHELLS;5047.0;1
431700;;;AMETHYSTS;SEASHELLS;10002.0;1
431700;;;AMETHYSTS;SEASHELLS;10002.0;4
432100;;;STARFRUIT;SEASHELLS;5047.0;1
432400;;;STARFRUIT;SEASHELLS;5053.0;1
432900;;;STARFRUIT;SEASHELLS;5054.0;8
433100;;;STARFRUIT;SEASHELLS;5049.0;1
433200;;;AMETHYSTS;SEASHELLS;9998.0;3
433600;;;STARFRUIT;SEASHELLS;5049.0;1
433700;;;STARFRUIT;SEASHELLS;5052.0;1
433700;;;STARFRUIT;SEASHELLS;5052.0;4
433700;;;AMETHYSTS;SEASHELLS;10000.0;1
434000;;;AMETHYSTS;SEASHELLS;10004.0;1
434000;;;STARFRUIT;SEASHELLS;5055.0;1
435000;;;AMETHYSTS;SEASHELLS;10002.0;1
435000;;;AMETHYSTS;SEASHELLS;10002.0;1
435000;;;STARFRUIT;SEASHELLS;5050.0;1
435200;;;STARFRUIT;SEASHELLS;5051.0;1
435200;;;STARFRUIT;SEASHELLS;5051.0;8
435300;;;AMETHYSTS;SEASHELLS;9995.0;4
435300;;;STARFRUIT;SEASHELLS;5055.0;1
435300;;;AMETHYSTS;SEASHELLS;10005.0;1
435600;;;AMETHYSTS;SEASHELLS;9996.0;2
435600;;;STARFRUIT;SEASHELLS;5050.0;2
435700;;;AMETHYSTS;SEASHELLS;10002.0;4
436000;;;AMETHYSTS;SEASHELLS;9998.0;1
436100;;;AMETHYSTS;SEASHELLS;10002.0;2
436500;;;STARFRUIT;SEASHELLS;5053.0;3
436600;;;AMETHYSTS;SEASHELLS;9998.0;5
436600;;;STARFRUIT;SEASHELLS;5052.0;1
436700;;;AMETHYSTS;SEASHELLS;9998.0;4
436700;;;STARFRUIT;SEASHELLS;5052.0;13
436900;;;AMETHYSTS;SEASHELLS;9996.0;2
436900;;;AMETHYSTS;SEASHELLS;9996.0;2
437100;;;STARFRUIT;SEASHELLS;5051.0;1
437300;;;AMETHYSTS;SEASHELLS;9998.0;1
437300;;;STARFRUIT;SEASHELLS;5052.0;2
437400;;;AMETHYSTS;SEASHELLS;9998.0;1
437500;;;STARFRUIT;SEASHELLS;5051.0;2
437500;;;AMETHYSTS;SEASHELLS;9995.0;2
437600;;;AMETHYSTS;SEASHELLS;10002.0;2
437800;;;AMETHYSTS;SEASHELLS;10002.0;2
438000;;;STARFRUIT;SEASHELLS;5050.0;1
438400;;;AMETHYSTS;SEASHELLS;10002.0;1
438800;;;STARFRUIT;SEASHELLS;5048.0;2
438800;;;STARFRUIT;SEASHELLS;5053.0;1
438900;;;STARFRUIT;SEASHELLS;5053.0;1
439200;;;AMETHYSTS;SEASHELLS;10002.0;3
439700;;;AMETHYSTS;SEASHELLS;9998.0;1
439800;;;AMETHYSTS;SEASHELLS;9998.0;1
440000;;;AMETHYSTS;SEASHELLS;9998.0;1
440100;;;AMETHYSTS;SEASHELLS;9996.0;11
440100;;;AMETHYSTS;SEASHELLS;9996.0;1
440200;;;STARFRUIT;SEASHELLS;5047.0;1
440400;;;STARFRUIT;SEASHELLS;5051.0;1
441700;;;STARFRUIT;SEASHELLS;5046.0;3
442000;;;STARFRUIT;SEASHELLS;5051.0;1
442200;;;AMETHYSTS;SEASHELLS;10005.0;2
442200;;;STARFRUIT;SEASHELLS;5052.0;2
442700;;;AMETHYSTS;SEASHELLS;9998.0;1
443100;;;AMETHYSTS;SEASHELLS;10004.0;1
443300;;;AMETHYSTS;SEASHELLS;10002.0;1
443600;;;STARFRUIT;SEASHELLS;5051.0;1
443700;;;STARFRUIT;SEASHELLS;5046.0;1
444100;;;AMETHYSTS;SEASHELLS;10002.0;1
444100;;;STARFRUIT;SEASHELLS;5047.0;1
444200;;;STARFRUIT;SEASHELLS;5047.0;2
444200;;;AMETHYSTS;SEASHELLS;9995.0;2
444400;;;AMETHYSTS;SEASHELLS;9998.0;1
444800;;;AMETHYSTS;SEASHELLS;10002.0;3
444800;;;STARFRUIT;SEASHELLS;5053.0;2
444800;;;AMETHYSTS;SEASHELLS;10002.0;8
444800;;;AMETHYSTS;SEASHELLS;10004.0;1
444800;;;AMETHYSTS;SEASHELLS;10004.0;1
445000;;;STARFRUIT;SEASHELLS;5047.0;1
445000;;;AMETHYSTS;SEASHELLS;10004.0;1
445300;;;STARFRUIT;SEASHELLS;5048.0;1
445300;;;AMETHYSTS;SEASHELLS;9998.0;1
445400;;;STARFRUIT;SEASHELLS;5048.0;3
445600;;;AMETHYSTS;SEASHELLS;9995.0;2
445600;;;STARFRUIT;SEASHELLS;5046.0;2
445700;;;AMETHYSTS;SEASHELLS;9996.0;1
445700;;;STARFRUIT;SEASHELLS;5052.0;1
445700;;;AMETHYSTS;SEASHELLS;9996.0;1
445900;;;AMETHYSTS;SEASHELLS;10002.0;9
445900;;;AMETHYSTS;SEASHELLS;10002.0;1
446100;;;STARFRUIT;SEASHELLS;5046.0;14
446300;;;AMETHYSTS;SEASHELLS;9998.0;1
446300;;;STARFRUIT;SEASHELLS;5047.0;2
446800;;;AMETHYSTS;SEASHELLS;9998.0;4
447100;;;STARFRUIT;SEASHELLS;5049.0;1
447400;;;STARFRUIT;SEASHELLS;5050.0;1
447600;;;STARFRUIT;SEASHELLS;5050.0;2
447600;;;AMETHYSTS;SEASHELLS;9998.0;2
447900;;;STARFRUIT;SEASHELLS;5056.0;1
448500;;;AMETHYSTS;SEASHELLS;10005.0;5
448700;;;AMETHYSTS;SEASHELLS;9998.0;1
449000;;;STARFRUIT;SEASHELLS;5052.0;1
449300;;;STARFRUIT;SEASHELLS;5058.0;1
449400;;;STARFRUIT;SEASHELLS;5057.0;1
449600;;;AMETHYSTS;SEASHELLS;9998.0;2
449600;;;STARFRUIT;SEASHELLS;5052.0;2
450000;;;AMETHYSTS;SEASHELLS;9998.0;5
450200;;;STARFRUIT;SEASHELLS;5057.0;8
451200;;;STARFRUIT;SEASHELLS;5059.0;1
451300;;;AMETHYSTS;SEASHELLS;9998.0;3
452000;;;STARFRUIT;SEASHELLS;5061.0;6
452000;;;AMETHYSTS;SEASHELLS;10004.0;2
452100;;;AMETHYSTS;SEASHELLS;10004.0;1
452100;;;STARFRUIT;SEASHELLS;5061.0;1
452300;;;STARFRUIT;SEASHELLS;5056.0;4
452300;;;STARFRUIT;SEASHELLS;5059.0;1
452700;;;STARFRUIT;SEASHELLS;5056.0;5
452800;;;STARFRUIT;SEASHELLS;5053.0;1
452900;;;STARFRUIT;SEASHELLS;5054.0;5
453100;;;AMETHYSTS;SEASHELLS;9998.0;1
453200;;;AMETHYSTS;SEASHELLS;10002.0;1
453300;;;AMETHYSTS;SEASHELLS;9998.0;1
453300;;;STARFRUIT;SEASHELLS;5053.0;1
453500;;;AMETHYSTS;SEASHELLS;10002.0;1
453600;;;AMETHYSTS;SEASHELLS;9998.0;1
453700;;;STARFRUIT;SEASHELLS;5053.0;6
453700;;;STARFRUIT;SEASHELLS;5054.0;1
454100;;;STARFRUIT;SEASHELLS;5056.0;4
454600;;;AMETHYSTS;SEASHELLS;10002.0;1
455100;;;STARFRUIT;SEASHELLS;5061.0;1
455200;;;STARFRUIT;SEASHELLS;5061.0;1
455200;;;AMETHYSTS;SEASHELLS;10004.0;1
455300;;;STARFRUIT;SEASHELLS;5060.0;1
455400;;;AMETHYSTS;SEASHELLS;10002.0;4
455800;;;AMETHYSTS;SEASHELLS;10002.0;1
456000;;;STARFRUIT;SEASHELLS;5060.0;8
456800;;;STARFRUIT;SEASHELLS;5060.0;2
456800;;;STARFRUIT;SEASHELLS;5060.0;13
457000;;;STARFRUIT;SEASHELLS;5056.0;7
457500;;;STARFRUIT;SEASHELLS;5061.0;11
457600;;;STARFRUIT;SEASHELLS;5062.0;12
458200;;;AMETHYSTS;SEASHELLS;9996.0;1
458300;;;STARFRUIT;SEASHELLS;5057.0;3
458400;;;AMETHYSTS;SEASHELLS;10002.0;4
458600;;;AMETHYSTS;SEASHELLS;9998.0;1
458600;;;STARFRUIT;SEASHELLS;5056.0;1
459100;;;STARFRUIT;SEASHELLS;5055.0;1
459300;;;STARFRUIT;SEASHELLS;5061.0;2
459700;;;STARFRUIT;SEASHELLS;5062.0;1
459900;;;STARFRUIT;SEASHELLS;5065.0;11
460300;;;STARFRUIT;SEASHELLS;5065.0;4
460300;;;STARFRUIT;SEASHELLS;5065.0;6
460400;;;STARFRUIT;SEASHELLS;5061.0;1
460400;;;STARFRUIT;SEASHELLS;5061.0;8
460600;;;STARFRUIT;SEASHELLS;5066.0;1
461000;;;STARFRUIT;SEASHELLS;5060.0;1
461000;;;STARFRUIT;SEASHELLS;5060.0;6
461200;;;AMETHYSTS;SEASHELLS;10002.0;4
461600;;;AMETHYSTS;SEASHELLS;9998.0;1
461700;;;AMETHYSTS;SEASHELLS;9998.0;1
461800;;;AMETHYSTS;SEASHELLS;10004.0;1
462200;;;AMETHYSTS;SEASHELLS;10002.0;4
462400;;;AMETHYSTS;SEASHELLS;9996.0;1
462800;;;AMETHYSTS;SEASHELLS;9995.0;12
463100;;;AMETHYSTS;SEASHELLS;9996.0;1
463100;;;STARFRUIT;SEASHELLS;5061.0;4
463300;;;AMETHYSTS;SEASHELLS;9995.0;4
464000;;;STARFRUIT;SEASHELLS;5064.0;1
464100;;;STARFRUIT;SEASHELLS;5059.0;2
464100;;;STARFRUIT;SEASHELLS;5059.0;2
464400;;;STARFRUIT;SEASHELLS;5058.0;10
464400;;;AMETHYSTS;SEASHELLS;9998.0;1
464700;;;STARFRUIT;SEASHELLS;5058.0;1
464900;;;STARFRUIT;SEASHELLS;5058.0;1
464900;;;AMETHYSTS;SEASHELLS;9998.0;1
465300;;;AMETHYSTS;SEASHELLS;10005.0;9
465600;;;STARFRUIT;SEASHELLS;5059.0;1
465600;;;AMETHYSTS;SEASHELLS;9998.0;1
465800;;;STARFRUIT;SEASHELLS;5060.0;9
466100;;;STARFRUIT;SEASHELLS;5066.0;7
466100;;;STARFRUIT;SEASHELLS;5066.0;1
466200;;;AMETHYSTS;SEASHELLS;10005.0;2
466200;;;STARFRUIT;SEASHELLS;5067.0;2
466400;;;STARFRUIT;SEASHELLS;5067.0;5
466400;;;AMETHYSTS;SEASHELLS;10005.0;5
466500;;;AMETHYSTS;SEASHELLS;10004.0;9
466500;;;STARFRUIT;SEASHELLS;5060.0;1
466500;;;AMETHYSTS;SEASHELLS;10004.0;2
466600;;;AMETHYSTS;SEASHELLS;9998.0;1
466600;;;STARFRUIT;SEASHELLS;5064.0;3
466700;;;STARFRUIT;SEASHELLS;5061.0;1
466800;;;STARFRUIT;SEASHELLS;5065.0;2
466900;;;AMETHYSTS;SEASHELLS;10005.0;1
466900;;;AMETHYSTS;SEASHELLS;10002.0;1
466900;;;STARFRUIT;SEASHELLS;5065.0;1
467100;;;STARFRUIT;SEASHELLS;5066.0;1
467100;;;AMETHYSTS;SEASHELLS;9998.0;2
467300;;;STARFRUIT;SEASHELLS;5061.0;2
467400;;;STARFRUIT;SEASHELLS;5065.0;1
467600;;;AMETHYSTS;SEASHELLS;10004.0;7
467600;;;AMETHYSTS;SEASHELLS;10004.0;1
467600;;;STARFRUIT;SEASHELLS;5063.0;3
467800;;;STARFRUIT;SEASHELLS;5063.0;1
467900;;;STARFRUIT;SEASHELLS;5058.0;1
468500;;;STARFRUIT;SEASHELLS;5064.0;4
468700;;;STARFRUIT;SEASHELLS;5065.0;1
468800;;;STARFRUIT;SEASHELLS;5060.0;1
468900;;;AMETHYSTS;SEASHELLS;9995.0;6
469000;;;AMETHYSTS;SEASHELLS;9996.0;1
469000;;;STARFRUIT;SEASHELLS;5059.0;1
469100;;;STARFRUIT;SEASHELLS;5060.0;1
469600;;;AMETHYSTS;SEASHELLS;9998.0;1
469700;;;AMETHYSTS;SEASHELLS;9998.0;4
470100;;;STARFRUIT;SEASHELLS;5066.0;1
470300;;;STARFRUIT;SEASHELLS;5061.0;1
470700;;;STARFRUIT;SEASHELLS;5066.0;5
470800;;;AMETHYSTS;SEASHELLS;10002.0;2
470800;;;STARFRUIT;SEASHELLS;5067.0;1
470900;;;STARFRUIT;SEASHELLS;5067.0;1
471400;;;STARFRUIT;SEASHELLS;5062.0;1
471500;;;STARFRUIT;SEASHELLS;5067.0;1
471600;;;AMETHYSTS;SEASHELLS;10002.0;1
472100;;;AMETHYSTS;SEASHELLS;10002.0;3
472200;;;STARFRUIT;SEASHELLS;5061.0;1
472300;;;AMETHYSTS;SEASHELLS;10005.0;3
472500;;;AMETHYSTS;SEASHELLS;10002.0;1
472600;;;AMETHYSTS;SEASHELLS;9995.0;2
472600;;;STARFRUIT;SEASHELLS;5061.0;13
473000;;;AMETHYSTS;SEASHELLS;10002.0;1
473100;;;STARFRUIT;SEASHELLS;5064.0;1
473100;;;AMETHYSTS;SEASHELLS;9996.0;1
473100;;;STARFRUIT;SEASHELLS;5064.0;2
474500;;;AMETHYSTS;SEASHELLS;10002.0;1
474700;;;STARFRUIT;SEASHELLS;5061.0;1
474900;;;STARFRUIT;SEASHELLS;5066.0;1
474900;;;AMETHYSTS;SEASHELLS;9996.0;2
474900;;;AMETHYSTS;SEASHELLS;9996.0;5
475100;;;AMETHYSTS;SEASHELLS;9998.0;1
475100;;;STARFRUIT;SEASHELLS;5067.0;1
475300;;;STARFRUIT;SEASHELLS;5067.0;8
475500;;;STARFRUIT;SEASHELLS;5063.0;2
475500;;;AMETHYSTS;SEASHELLS;9996.0;2
475500;;;STARFRUIT;SEASHELLS;5062.0;2
475500;;;STARFRUIT;SEASHELLS;5063.0;11
476000;;;STARFRUIT;SEASHELLS;5070.0;7
476300;;;AMETHYSTS;SEASHELLS;9998.0;4
476700;;;STARFRUIT;SEASHELLS;5064.0;1
476800;;;STARFRUIT;SEASHELLS;5067.0;5
477000;;;STARFRUIT;SEASHELLS;5068.0;1
477700;;;STARFRUIT;SEASHELLS;5068.0;2
477800;;;STARFRUIT;SEASHELLS;5066.0;1
478400;;;AMETHYSTS;SEASHELLS;9995.0;11
478600;;;STARFRUIT;SEASHELLS;5070.0;3
478600;;;STARFRUIT;SEASHELLS;5070.0;2
478600;;;AMETHYSTS;SEASHELLS;10004.0;2
478600;;;STARFRUIT;SEASHELLS;5071.0;2
478700;;;AMETHYSTS;SEASHELLS;9996.0;2
478700;;;AMETHYSTS;SEASHELLS;9996.0;7
478900;;;STARFRUIT;SEASHELLS;5065.0;1
478900;;;AMETHYSTS;SEASHELLS;9995.0;1
479200;;;AMETHYSTS;SEASHELLS;10002.0;1
479400;;;STARFRUIT;SEASHELLS;5066.0;4
479500;;;STARFRUIT;SEASHELLS;5071.0;1
479500;;;AMETHYSTS;SEASHELLS;10002.0;1
479600;;;STARFRUIT;SEASHELLS;5065.0;1
479600;;;AMETHYSTS;SEASHELLS;9995.0;1
479800;;;STARFRUIT;SEASHELLS;5067.0;5
480000;;;STARFRUIT;SEASHELLS;5066.0;9
480000;;;STARFRUIT;SEASHELLS;5066.0;1
480200;;;AMETHYSTS;SEASHELLS;9998.0;1
480900;;;STARFRUIT;SEASHELLS;5075.0;1
480900;;;AMETHYSTS;SEASHELLS;10004.0;1
481000;;;AMETHYSTS;SEASHELLS;10000.0;6
481000;;;STARFRUIT;SEASHELLS;5071.0;6
481600;;;STARFRUIT;SEASHELLS;5074.0;1
481800;;;STARFRUIT;SEASHELLS;5069.0;1
482100;;;AMETHYSTS;SEASHELLS;9996.0;1
482900;;;STARFRUIT;SEASHELLS;5070.0;1
483200;;;STARFRUIT;SEASHELLS;5075.0;1
483700;;;STARFRUIT;SEASHELLS;5069.0;1
483700;;;AMETHYSTS;SEASHELLS;9998.0;1
483900;;;STARFRUIT;SEASHELLS;5074.0;2
483900;;;STARFRUIT;SEASHELLS;5074.0;6
484000;;;AMETHYSTS;SEASHELLS;9995.0;7
484400;;;STARFRUIT;SEASHELLS;5075.0;1
484500;;;STARFRUIT;SEASHELLS;5070.0;1
484600;;;AMETHYSTS;SEASHELLS;10002.0;6
485300;;;STARFRUIT;SEASHELLS;5075.0;3
485800;;;AMETHYSTS;SEASHELLS;9998.0;2
485800;;;STARFRUIT;SEASHELLS;5073.0;2
486300;;;STARFRUIT;SEASHELLS;5078.0;1
486300;;;AMETHYSTS;SEASHELLS;10002.0;1
486500;;;STARFRUIT;SEASHELLS;5073.0;1
486600;;;STARFRUIT;SEASHELLS;5079.0;1
487100;;;AMETHYSTS;SEASHELLS;10002.0;5
487400;;;AMETHYSTS;SEASHELLS;10004.0;1
487400;;;AMETHYSTS;SEASHELLS;10004.0;10
487500;;;STARFRUIT;SEASHELLS;5080.0;9
487600;;;AMETHYSTS;SEASHELLS;9998.0;3
487700;;;STARFRUIT;SEASHELLS;5079.0;1
487700;;;AMETHYSTS;SEASHELLS;9996.0;1
487800;;;STARFRUIT;SEASHELLS;5080.0;1
487800;;;AMETHYSTS;SEASHELLS;10002.0;1
488100;;;AMETHYSTS;SEASHELLS;9998.0;9
488800;;;AMETHYSTS;SEASHELLS;9998.0;3
489300;;;STARFRUIT;SEASHELLS;5075.0;4
489800;;;AMETHYSTS;SEASHELLS;10002.0;1
490000;;;AMETHYSTS;SEASHELLS;9996.0;1
490000;;;STARFRUIT;SEASHELLS;5074.0;1
