timestamp;buyer;seller;symbol;currency;price;quantity
0;;;AMETHYSTS;SEASHELLS;9996.0;1
0;;;STARFRUIT;SEASHELLS;5003.0;1
0;;;AMETHYSTS;SEASHELLS;9996.0;1
100;;;STARFRUIT;SEASHELLS;5004.0;6
900;;;STARFRUIT;SEASHELLS;5001.0;2
1000;;;STARFRUIT;SEASHELLS;4997.0;2
1100;;;STARFRUIT;SEASHELLS;4997.0;1
1500;;;STARFRUIT;SEASHELLS;5003.0;1
1500;;;AMETHYSTS;SEASHELLS;10004.0;1
1800;;;STARFRUIT;SEASHELLS;5001.0;10
1800;;;STARFRUIT;SEASHELLS;5001.0;1
1800;;;STARFRUIT;SEASHELLS;5002.0;1
2000;;;STARFRUIT;SEASHELLS;5002.0;1
2100;;;STARFRUIT;SEASHELLS;5001.0;4
2500;;;AMETHYSTS;SEASHELLS;9998.0;1
2500;;;STARFRUIT;SEASHELLS;4996.0;11
3200;;;AMETHYSTS;SEASHELLS;9996.0;1
3200;;;STARFRUIT;SEASHELLS;4996.0;1
3300;;;STARFRUIT;SEASHELLS;4997.0;2
3300;;;AMETHYSTS;SEASHELLS;9995.0;2
3600;;;AMETHYSTS;SEASHELLS;10005.0;6
3900;;;STARFRUIT;SEASHELLS;5002.0;1
4000;;;AMETHYSTS;SEASHELLS;9998.0;1
4200;;;AMETHYSTS;SEASHELLS;10004.0;2
4200;;;AMETHYSTS;SEASHELLS;10004.0;1
4200;;;STARFRUIT;SEASHELLS;4998.0;1
4400;;;STARFRUIT;SEASHELLS;5002.0;2
4500;;;STARFRUIT;SEASHELLS;4997.0;8
4500;;;STARFRUIT;SEASHELLS;4997.0;1
5800;;;STARFRUIT;SEASHELLS;4999.0;7
6500;;;STARFRUIT;SEASHELLS;5000.0;5
6600;;;STARFRUIT;SEASHELLS;4999.0;1
6700;;;AMETHYSTS;SEASHELLS;9998.0;2
6700;;;STARFRUIT;SEASHELLS;4998.0;2
6700;;;STARFRUIT;SEASHELLS;4999.0;4
7100;;;STARFRUIT;SEASHELLS;4999.0;5
7200;;;STARFRUIT;SEASHELLS;5005.0;4
7300;;;STARFRUIT;SEASHELLS;4998.0;1
7400;;;STARFRUIT;SEASHELLS;5005.0;1
7400;;;AMETHYSTS;SEASHELLS;10002.0;1
7400;;;STARFRUIT;SEASHELLS;5003.0;1
7500;;;AMETHYSTS;SEASHELLS;10002.0;1
7800;;;STARFRUIT;SEASHELLS;5002.0;1
7800;;;STARFRUIT;SEASHELLS;5002.0;1
8600;;;STARFRUIT;SEASHELLS;5004.0;1
8600;;;AMETHYSTS;SEASHELLS;10002.0;1
8700;;;STARFRUIT;SEASHELLS;5002.0;9
8700;;;STARFRUIT;SEASHELLS;5004.0;2
8700;;;AMETHYSTS;SEASHELLS;10002.0;2
8800;;;STARFRUIT;SEASHELLS;5003.0;1
8800;;;AMETHYSTS;SEASHELLS;10002.0;1
9600;;;AMETHYSTS;SEASHELLS;10000.0;3
10100;;;AMETHYSTS;SEASHELLS;9998.0;1
10200;;;STARFRUIT;SEASHELLS;4996.0;1
10200;;;AMETHYSTS;SEASHELLS;9996.0;1
11100;;;AMETHYSTS;SEASHELLS;10005.0;2
11100;;;STARFRUIT;SEASHELLS;5005.0;12
11100;;;STARFRUIT;SEASHELLS;5005.0;2
11300;;;STARFRUIT;SEASHELLS;4998.0;1
11400;;;STARFRUIT;SEASHELLS;4997.0;1
12000;;;STARFRUIT;SEASHELLS;4999.0;2
12000;;;STARFRUIT;SEASHELLS;4999.0;2
13000;;;STARFRUIT;SEASHELLS;5001.0;2
13000;;;AMETHYSTS;SEASHELLS;9998.0;1
13500;;;STARFRUIT;SEASHELLS;4998.0;1
13600;;;AMETHYSTS;SEASHELLS;9998.0;1
13900;;;STARFRUIT;SEASHELLS;4998.0;2
13900;;;AMETHYSTS;SEASHELLS;9996.0;1
13900;;;AMETHYSTS;SEASHELLS;9996.0;1
14000;;;AMETHYSTS;SEASHELLS;10005.0;7
14300;;;STARFRUIT;SEASHELLS;4998.0;1
15000;;;STARFRUIT;SEASHELLS;4998.0;1
15100;;;AMETHYSTS;SEASHELLS;10005.0;4
15400;;;AMETHYSTS;SEASHELLS;10002.0;5
16400;;;STARFRUIT;SEASHELLS;4998.0;6
17000;;;STARFRUIT;SEASHELLS;5003.0;9
17200;;;STARFRUIT;SEASHELLS;4996.0;1
17300;;;AMETHYSTS;SEASHELLS;10002.0;1
17400;;;STARFRUIT;SEASHELLS;5003.0;10
18000;;;STARFRUIT;SEASHELLS;5002.0;4
18100;;;STARFRUIT;SEASHELLS;4996.0;1
18200;;;AMETHYSTS;SEASHELLS;9998.0;1
18200;;;STARFRUIT;SEASHELLS;4996.0;8
18300;;;AMETHYSTS;SEASHELLS;10005.0;2
18300;;;AMETHYSTS;SEASHELLS;9998.0;1
18300;;;STARFRUIT;SEASHELLS;5000.0;2
18500;;;AMETHYSTS;SEASHELLS;10005.0;5
18600;;;STARFRUIT;SEASHELLS;4996.0;1
19200;;;STARFRUIT;SEASHELLS;4996.0;1
19400;;;STARFRUIT;SEASHELLS;4996.0;1
19500;;;AMETHYSTS;SEASHELLS;10002.0;1
19600;;;AMETHYSTS;SEASHELLS;10002.0;1
19900;;;AMETHYSTS;SEASHELLS;10002.0;1
20200;;;AMETHYSTS;SEASHELLS;10002.0;1
20300;;;STARFRUIT;SEASHELLS;5002.0;1
20600;;;AMETHYSTS;SEASHELLS;9998.0;1
20600;;;AMETHYSTS;SEASHELLS;9995.0;9
20900;;;STARFRUIT;SEASHELLS;5002.0;1
20900;;;AMETHYSTS;SEASHELLS;9998.0;1
21300;;;AMETHYSTS;SEASHELLS;10002.0;1
21300;;;STARFRUIT;SEASHELLS;5002.0;1
21400;;;STARFRUIT;SEASHELLS;5001.0;1
21800;;;STARFRUIT;SEASHELLS;5001.0;1
22300;;;STARFRUIT;SEASHELLS;4997.0;1
22700;;;AMETHYSTS;SEASHELLS;9998.0;1
22900;;;STARFRUIT;SEASHELLS;4998.0;2
23000;;;AMETHYSTS;SEASHELLS;9998.0;4
23100;;;STARFRUIT;SEASHELLS;5001.0;1
23300;;;AMETHYSTS;SEASHELLS;9998.0;2
23900;;;AMETHYSTS;SEASHELLS;9998.0;3
23900;;;AMETHYSTS;SEASHELLS;9995.0;8
24000;;;STARFRUIT;SEASHELLS;5001.0;3
24200;;;STARFRUIT;SEASHELLS;4996.0;5
24300;;;AMETHYSTS;SEASHELLS;10002.0;1
24500;;;STARFRUIT;SEASHELLS;5002.0;1
24600;;;AMETHYSTS;SEASHELLS;9996.0;2
24600;;;AMETHYSTS;SEASHELLS;9996.0;2
24700;;;STARFRUIT;SEASHELLS;5001.0;6
25100;;;STARFRUIT;SEASHELLS;5001.0;1
25100;;;AMETHYSTS;SEASHELLS;10002.0;1
25400;;;STARFRUIT;SEASHELLS;4995.0;7
25600;;;STARFRUIT;SEASHELLS;4999.0;2
25600;;;AMETHYSTS;SEASHELLS;10004.0;2
25700;;;AMETHYSTS;SEASHELLS;10002.0;3
25700;;;AMETHYSTS;SEASHELLS;10002.0;8
26300;;;STARFRUIT;SEASHELLS;4994.0;1
26400;;;STARFRUIT;SEASHELLS;4994.0;1
26400;;;AMETHYSTS;SEASHELLS;10005.0;9
26700;;;STARFRUIT;SEASHELLS;4998.0;1
27000;;;AMETHYSTS;SEASHELLS;10002.0;1
27000;;;STARFRUIT;SEASHELLS;4993.0;4
27200;;;STARFRUIT;SEASHELLS;4991.0;1
27300;;;STARFRUIT;SEASHELLS;4998.0;11
27700;;;AMETHYSTS;SEASHELLS;9998.0;3
27700;;;AMETHYSTS;SEASHELLS;9998.0;1
27900;;;AMETHYSTS;SEASHELLS;10002.0;4
28000;;;STARFRUIT;SEASHELLS;4999.0;1
28000;;;AMETHYSTS;SEASHELLS;10005.0;1
28300;;;STARFRUIT;SEASHELLS;4997.0;1
28300;;;AMETHYSTS;SEASHELLS;9998.0;2
28300;;;AMETHYSTS;SEASHELLS;9998.0;1
28600;;;AMETHYSTS;SEASHELLS;9998.0;1
29400;;;AMETHYSTS;SEASHELLS;10005.0;2
29400;;;STARFRUIT;SEASHELLS;4998.0;2
29500;;;AMETHYSTS;SEASHELLS;9998.0;3
29500;;;AMETHYSTS;SEASHELLS;9998.0;2
29900;;;STARFRUIT;SEASHELLS;4995.0;1
30300;;;STARFRUIT;SEASHELLS;4996.0;1
30400;;;STARFRUIT;SEASHELLS;4991.0;1
30400;;;AMETHYSTS;SEASHELLS;10004.0;1
30400;;;AMETHYSTS;SEASHELLS;10004.0;6
30900;;;STARFRUIT;SEASHELLS;4992.0;1
31000;;;AMETHYSTS;SEASHELLS;9996.0;1
31000;;;STARFRUIT;SEASHELLS;4992.0;1
31200;;;STARFRUIT;SEASHELLS;4992.0;1
31300;;;STARFRUIT;SEASHELLS;4997.0;1
31300;;;AMETHYSTS;SEASHELLS;9998.0;1
31400;;;STARFRUIT;SEASHELLS;4999.0;4
31600;;;AMETHYSTS;SEASHELLS;10002.0;3
31800;;;AMETHYSTS;SEASHELLS;10002.0;1
32100;;;STARFRUIT;SEASHELLS;4991.0;1
32100;;;AMETHYSTS;SEASHELLS;10002.0;4
32500;;;AMETHYSTS;SEASHELLS;10002.0;1
32700;;;STARFRUIT;SEASHELLS;4996.0;1
32800;;;STARFRUIT;SEASHELLS;4990.0;2
32800;;;STARFRUIT;SEASHELLS;4991.0;2
32800;;;AMETHYSTS;SEASHELLS;9995.0;2
32800;;;AMETHYSTS;SEASHELLS;9996.0;2
33200;;;STARFRUIT;SEASHELLS;4990.0;1
33300;;;STARFRUIT;SEASHELLS;4995.0;1
33300;;;STARFRUIT;SEASHELLS;4991.0;8
33500;;;AMETHYSTS;SEASHELLS;10002.0;3
33900;;;STARFRUIT;SEASHELLS;4995.0;1
34000;;;STARFRUIT;SEASHELLS;4995.0;1
34000;;;AMETHYSTS;SEASHELLS;9998.0;1
34100;;;AMETHYSTS;SEASHELLS;10002.0;1
35000;;;STARFRUIT;SEASHELLS;4993.0;4
35300;;;STARFRUIT;SEASHELLS;4993.0;1
35600;;;AMETHYSTS;SEASHELLS;10002.0;1
35800;;;STARFRUIT;SEASHELLS;4993.0;1
36200;;;STARFRUIT;SEASHELLS;4994.0;3
36300;;;STARFRUIT;SEASHELLS;4999.0;1
36300;;;AMETHYSTS;SEASHELLS;10005.0;1
36500;;;AMETHYSTS;SEASHELLS;10005.0;4
36800;;;STARFRUIT;SEASHELLS;4993.0;1
37200;;;STARFRUIT;SEASHELLS;4998.0;10
37400;;;AMETHYSTS;SEASHELLS;10002.0;1
37900;;;AMETHYSTS;SEASHELLS;9995.0;4
38000;;;STARFRUIT;SEASHELLS;4991.0;11
38400;;;AMETHYSTS;SEASHELLS;10004.0;2
38500;;;AMETHYSTS;SEASHELLS;10002.0;6
38500;;;STARFRUIT;SEASHELLS;4996.0;1
38800;;;STARFRUIT;SEASHELLS;4993.0;5
38900;;;STARFRUIT;SEASHELLS;4991.0;2
38900;;;AMETHYSTS;SEASHELLS;9995.0;2
39100;;;AMETHYSTS;SEASHELLS;10002.0;5
39300;;;STARFRUIT;SEASHELLS;4993.0;1
39300;;;AMETHYSTS;SEASHELLS;9996.0;1
39400;;;STARFRUIT;SEASHELLS;4993.0;1
39500;;;STARFRUIT;SEASHELLS;4998.0;1
39800;;;STARFRUIT;SEASHELLS;4993.0;4
40100;;;STARFRUIT;SEASHELLS;4992.0;1
40200;;;STARFRUIT;SEASHELLS;4997.0;5
40300;;;STARFRUIT;SEASHELLS;4994.0;2
40600;;;STARFRUIT;SEASHELLS;4992.0;1
40700;;;STARFRUIT;SEASHELLS;4996.0;3
40900;;;STARFRUIT;SEASHELLS;4992.0;3
41100;;;STARFRUIT;SEASHELLS;4991.0;1
41100;;;STARFRUIT;SEASHELLS;4995.0;9
41500;;;AMETHYSTS;SEASHELLS;10002.0;1
41500;;;AMETHYSTS;SEASHELLS;10000.0;2
41600;;;AMETHYSTS;SEASHELLS;9995.0;1
41600;;;STARFRUIT;SEASHELLS;4990.0;1
42900;;;AMETHYSTS;SEASHELLS;10002.0;1
42900;;;STARFRUIT;SEASHELLS;4993.0;1
43100;;;STARFRUIT;SEASHELLS;4994.0;2
43100;;;STARFRUIT;SEASHELLS;4989.0;14
43100;;;AMETHYSTS;SEASHELLS;10005.0;2
43400;;;AMETHYSTS;SEASHELLS;10002.0;1
43500;;;STARFRUIT;SEASHELLS;4990.0;1
43700;;;AMETHYSTS;SEASHELLS;9998.0;1
43900;;;STARFRUIT;SEASHELLS;4990.0;1
43900;;;STARFRUIT;SEASHELLS;4997.0;2
43900;;;AMETHYSTS;SEASHELLS;10004.0;2
44000;;;AMETHYSTS;SEASHELLS;9998.0;1
44700;;;STARFRUIT;SEASHELLS;4995.0;1
44800;;;AMETHYSTS;SEASHELLS;9996.0;1
45100;;;STARFRUIT;SEASHELLS;4988.0;1
45100;;;AMETHYSTS;SEASHELLS;9996.0;1
45800;;;AMETHYSTS;SEASHELLS;9996.0;1
45800;;;AMETHYSTS;SEASHELLS;9996.0;10
46200;;;AMETHYSTS;SEASHELLS;9998.0;1
46300;;;AMETHYSTS;SEASHELLS;9995.0;1
46300;;;STARFRUIT;SEASHELLS;4987.0;1
46800;;;AMETHYSTS;SEASHELLS;9996.0;1
46800;;;STARFRUIT;SEASHELLS;4987.0;1
46800;;;STARFRUIT;SEASHELLS;4986.0;2
47200;;;STARFRUIT;SEASHELLS;4992.0;1
47300;;;STARFRUIT;SEASHELLS;4988.0;2
47700;;;STARFRUIT;SEASHELLS;4988.0;1
48300;;;STARFRUIT;SEASHELLS;4988.0;1
48300;;;AMETHYSTS;SEASHELLS;9995.0;1
48600;;;AMETHYSTS;SEASHELLS;10004.0;1
48600;;;STARFRUIT;SEASHELLS;4989.0;1
48600;;;STARFRUIT;SEASHELLS;4994.0;1
48900;;;STARFRUIT;SEASHELLS;4988.0;1
49300;;;STARFRUIT;SEASHELLS;4994.0;1
49300;;;AMETHYSTS;SEASHELLS;10005.0;1
49700;;;STARFRUIT;SEASHELLS;4988.0;2
49700;;;AMETHYSTS;SEASHELLS;9995.0;2
49900;;;STARFRUIT;SEASHELLS;4986.0;1
50000;;;STARFRUIT;SEASHELLS;4986.0;5
50200;;;STARFRUIT;SEASHELLS;4986.0;1
50200;;;AMETHYSTS;SEASHELLS;9996.0;1
50300;;;STARFRUIT;SEASHELLS;4986.0;1
50400;;;AMETHYSTS;SEASHELLS;9996.0;2
50400;;;STARFRUIT;SEASHELLS;4986.0;2
50900;;;AMETHYSTS;SEASHELLS;9996.0;2
51000;;;AMETHYSTS;SEASHELLS;9998.0;1
51000;;;STARFRUIT;SEASHELLS;4986.0;1
51300;;;STARFRUIT;SEASHELLS;4990.0;1
51600;;;AMETHYSTS;SEASHELLS;10002.0;1
51600;;;STARFRUIT;SEASHELLS;4990.0;1
51900;;;AMETHYSTS;SEASHELLS;10002.0;2
52000;;;AMETHYSTS;SEASHELLS;9998.0;2
52200;;;STARFRUIT;SEASHELLS;4985.0;1
52300;;;STARFRUIT;SEASHELLS;4985.0;1
52700;;;AMETHYSTS;SEASHELLS;10002.0;3
53000;;;AMETHYSTS;SEASHELLS;9998.0;1
53200;;;AMETHYSTS;SEASHELLS;10002.0;1
53300;;;AMETHYSTS;SEASHELLS;9998.0;2
53600;;;AMETHYSTS;SEASHELLS;9998.0;1
53600;;;STARFRUIT;SEASHELLS;4985.0;1
53700;;;STARFRUIT;SEASHELLS;4992.0;2
53700;;;AMETHYSTS;SEASHELLS;10004.0;2
53900;;;AMETHYSTS;SEASHELLS;10002.0;1
54300;;;STARFRUIT;SEASHELLS;4986.0;11
54300;;;AMETHYSTS;SEASHELLS;9998.0;1
54600;;;AMETHYSTS;SEASHELLS;9996.0;1
54600;;;AMETHYSTS;SEASHELLS;9996.0;5
54600;;;STARFRUIT;SEASHELLS;4986.0;1
54700;;;STARFRUIT;SEASHELLS;4990.0;1
54900;;;AMETHYSTS;SEASHELLS;10002.0;3
55200;;;STARFRUIT;SEASHELLS;4989.0;1
56100;;;STARFRUIT;SEASHELLS;4990.0;14
56100;;;STARFRUIT;SEASHELLS;4990.0;1
56100;;;AMETHYSTS;SEASHELLS;10004.0;1
56300;;;STARFRUIT;SEASHELLS;4983.0;1
56500;;;STARFRUIT;SEASHELLS;4982.0;1
56500;;;AMETHYSTS;SEASHELLS;9998.0;1
56700;;;AMETHYSTS;SEASHELLS;10002.0;1
57000;;;AMETHYSTS;SEASHELLS;10004.0;1
57000;;;STARFRUIT;SEASHELLS;4989.0;1
57100;;;AMETHYSTS;SEASHELLS;10002.0;1
57100;;;STARFRUIT;SEASHELLS;4985.0;3
57200;;;STARFRUIT;SEASHELLS;4985.0;4
57200;;;AMETHYSTS;SEASHELLS;10002.0;1
57300;;;AMETHYSTS;SEASHELLS;10002.0;1
57400;;;STARFRUIT;SEASHELLS;4990.0;1
57700;;;AMETHYSTS;SEASHELLS;10002.0;2
57700;;;STARFRUIT;SEASHELLS;4985.0;2
57800;;;STARFRUIT;SEASHELLS;4984.0;1
58300;;;STARFRUIT;SEASHELLS;4988.0;1
58400;;;AMETHYSTS;SEASHELLS;9996.0;1
58600;;;AMETHYSTS;SEASHELLS;9998.0;1
58800;;;STARFRUIT;SEASHELLS;4982.0;5
58800;;;STARFRUIT;SEASHELLS;4983.0;1
59000;;;STARFRUIT;SEASHELLS;4991.0;10
59500;;;AMETHYSTS;SEASHELLS;10005.0;4
59700;;;AMETHYSTS;SEASHELLS;10002.0;6
59800;;;STARFRUIT;SEASHELLS;4985.0;5
59900;;;STARFRUIT;SEASHELLS;4983.0;1
60000;;;STARFRUIT;SEASHELLS;4987.0;1
60200;;;AMETHYSTS;SEASHELLS;9996.0;1
60200;;;AMETHYSTS;SEASHELLS;9996.0;1
60200;;;STARFRUIT;SEASHELLS;4983.0;1
60200;;;STARFRUIT;SEASHELLS;4983.0;1
60300;;;AMETHYSTS;SEASHELLS;9996.0;6
60300;;;AMETHYSTS;SEASHELLS;9996.0;2
60400;;;AMETHYSTS;SEASHELLS;9998.0;1
60500;;;STARFRUIT;SEASHELLS;4985.0;3
60500;;;AMETHYSTS;SEASHELLS;9998.0;1
60600;;;STARFRUIT;SEASHELLS;4984.0;1
61100;;;STARFRUIT;SEASHELLS;4990.0;2
61100;;;AMETHYSTS;SEASHELLS;10002.0;1
61100;;;STARFRUIT;SEASHELLS;4987.0;5
61100;;;AMETHYSTS;SEASHELLS;10005.0;2
61300;;;STARFRUIT;SEASHELLS;4987.0;1
62300;;;AMETHYSTS;SEASHELLS;10004.0;1
62300;;;STARFRUIT;SEASHELLS;4987.0;1
62600;;;STARFRUIT;SEASHELLS;4984.0;1
62900;;;STARFRUIT;SEASHELLS;4989.0;6
62900;;;STARFRUIT;SEASHELLS;4989.0;1
63000;;;STARFRUIT;SEASHELLS;4986.0;6
63000;;;STARFRUIT;SEASHELLS;4984.0;1
63000;;;STARFRUIT;SEASHELLS;4984.0;9
63200;;;AMETHYSTS;SEASHELLS;9998.0;1
63200;;;STARFRUIT;SEASHELLS;4984.0;1
63300;;;STARFRUIT;SEASHELLS;4991.0;2
63300;;;AMETHYSTS;SEASHELLS;9998.0;1
63500;;;AMETHYSTS;SEASHELLS;9998.0;6
63700;;;AMETHYSTS;SEASHELLS;9996.0;1
63800;;;STARFRUIT;SEASHELLS;4983.0;1
64200;;;AMETHYSTS;SEASHELLS;9995.0;2
64200;;;STARFRUIT;SEASHELLS;4982.0;2
64500;;;STARFRUIT;SEASHELLS;4989.0;2
64500;;;AMETHYSTS;SEASHELLS;10005.0;2
64500;;;AMETHYSTS;SEASHELLS;10002.0;1
64600;;;STARFRUIT;SEASHELLS;4988.0;1
64900;;;AMETHYSTS;SEASHELLS;10005.0;2
65300;;;AMETHYSTS;SEASHELLS;9998.0;1
65300;;;AMETHYSTS;SEASHELLS;10000.0;2
65400;;;STARFRUIT;SEASHELLS;4983.0;1
65500;;;AMETHYSTS;SEASHELLS;9998.0;1
65600;;;AMETHYSTS;SEASHELLS;9995.0;1
65600;;;STARFRUIT;SEASHELLS;4983.0;1
65800;;;AMETHYSTS;SEASHELLS;9996.0;1
65800;;;STARFRUIT;SEASHELLS;4983.0;1
65900;;;AMETHYSTS;SEASHELLS;9998.0;1
66000;;;AMETHYSTS;SEASHELLS;9998.0;1
66200;;;STARFRUIT;SEASHELLS;4983.0;8
66700;;;AMETHYSTS;SEASHELLS;9998.0;2
67000;;;STARFRUIT;SEASHELLS;4984.0;1
67200;;;STARFRUIT;SEASHELLS;4989.0;1
67400;;;AMETHYSTS;SEASHELLS;9996.0;1
67400;;;STARFRUIT;SEASHELLS;4983.0;2
67700;;;STARFRUIT;SEASHELLS;4988.0;4
67900;;;STARFRUIT;SEASHELLS;4984.0;2
67900;;;AMETHYSTS;SEASHELLS;9998.0;2
68000;;;STARFRUIT;SEASHELLS;4984.0;1
68000;;;AMETHYSTS;SEASHELLS;10002.0;5
68000;;;AMETHYSTS;SEASHELLS;10005.0;3
68100;;;AMETHYSTS;SEASHELLS;10002.0;1
68200;;;STARFRUIT;SEASHELLS;4989.0;1
68500;;;AMETHYSTS;SEASHELLS;10002.0;1
68600;;;STARFRUIT;SEASHELLS;4985.0;1
68900;;;AMETHYSTS;SEASHELLS;10002.0;1
68900;;;STARFRUIT;SEASHELLS;4990.0;1
69000;;;STARFRUIT;SEASHELLS;4984.0;9
69300;;;STARFRUIT;SEASHELLS;4992.0;2
69300;;;AMETHYSTS;SEASHELLS;10005.0;2
69400;;;STARFRUIT;SEASHELLS;4991.0;1
69600;;;STARFRUIT;SEASHELLS;4986.0;1
69600;;;STARFRUIT;SEASHELLS;4986.0;8
70400;;;STARFRUIT;SEASHELLS;4985.0;0
70400;;;STARFRUIT;SEASHELLS;4985.0;1
70400;;;STARFRUIT;SEASHELLS;4985.0;7
70400;;;STARFRUIT;SEASHELLS;4985.0;1
71400;;;STARFRUIT;SEASHELLS;4984.0;1
71600;;;AMETHYSTS;SEASHELLS;9995.0;10
72100;;;STARFRUIT;SEASHELLS;4988.0;9
72600;;;STARFRUIT;SEASHELLS;4990.0;1
73900;;;STARFRUIT;SEASHELLS;4982.0;1
74100;;;AMETHYSTS;SEASHELLS;10002.0;1
74400;;;STARFRUIT;SEASHELLS;4987.0;1
74400;;;AMETHYSTS;SEASHELLS;10004.0;1
74900;;;AMETHYSTS;SEASHELLS;10002.0;1
75000;;;STARFRUIT;SEASHELLS;4981.0;9
75000;;;STARFRUIT;SEASHELLS;4981.0;10
75200;;;AMETHYSTS;SEASHELLS;9996.0;1
75200;;;STARFRUIT;SEASHELLS;4982.0;1
75500;;;STARFRUIT;SEASHELLS;4983.0;1
76400;;;AMETHYSTS;SEASHELLS;10002.0;1
76400;;;STARFRUIT;SEASHELLS;4984.0;1
76400;;;STARFRUIT;SEASHELLS;4987.0;3
77400;;;STARFRUIT;SEASHELLS;4987.0;6
77700;;;AMETHYSTS;SEASHELLS;9998.0;5
77800;;;STARFRUIT;SEASHELLS;4985.0;4
77800;;;STARFRUIT;SEASHELLS;4985.0;1
78000;;;AMETHYSTS;SEASHELLS;10002.0;2
78100;;;STARFRUIT;SEASHELLS;4989.0;1
78300;;;AMETHYSTS;SEASHELLS;9995.0;2
78300;;;STARFRUIT;SEASHELLS;4985.0;2
78800;;;STARFRUIT;SEASHELLS;4984.0;1
79000;;;AMETHYSTS;SEASHELLS;10005.0;2
79000;;;STARFRUIT;SEASHELLS;4989.0;1
79000;;;AMETHYSTS;SEASHELLS;10004.0;1
79500;;;AMETHYSTS;SEASHELLS;10002.0;1
79800;;;STARFRUIT;SEASHELLS;4983.0;4
80100;;;STARFRUIT;SEASHELLS;4986.0;1
80300;;;AMETHYSTS;SEASHELLS;10002.0;1
80500;;;STARFRUIT;SEASHELLS;4981.0;1
80800;;;AMETHYSTS;SEASHELLS;10002.0;1
81300;;;AMETHYSTS;SEASHELLS;9998.0;1
81300;;;STARFRUIT;SEASHELLS;4986.0;1
81700;;;AMETHYSTS;SEASHELLS;10002.0;1
81800;;;STARFRUIT;SEASHELLS;4981.0;1
81800;;;AMETHYSTS;SEASHELLS;9998.0;1
81900;;;STARFRUIT;SEASHELLS;4984.0;4
82100;;;STARFRUIT;SEASHELLS;4981.0;1
82300;;;AMETHYSTS;SEASHELLS;10004.0;1
82400;;;STARFRUIT;SEASHELLS;4983.0;4
82600;;;STARFRUIT;SEASHELLS;4981.0;1
83200;;;AMETHYSTS;SEASHELLS;9996.0;1
83200;;;AMETHYSTS;SEASHELLS;9996.0;1
83200;;;STARFRUIT;SEASHELLS;4982.0;2
83300;;;STARFRUIT;SEASHELLS;4982.0;15
83400;;;STARFRUIT;SEASHELLS;4987.0;3
83700;;;AMETHYSTS;SEASHELLS;10004.0;1
84000;;;STARFRUIT;SEASHELLS;4987.0;4
84200;;;STARFRUIT;SEASHELLS;4987.0;1
84600;;;STARFRUIT;SEASHELLS;4989.0;2
84600;;;AMETHYSTS;SEASHELLS;10004.0;2
84700;;;STARFRUIT;SEASHELLS;4988.0;1
84800;;;STARFRUIT;SEASHELLS;4989.0;1
85000;;;AMETHYSTS;SEASHELLS;9998.0;5
85700;;;AMETHYSTS;SEASHELLS;9995.0;2
85700;;;AMETHYSTS;SEASHELLS;10005.0;4
85700;;;STARFRUIT;SEASHELLS;4982.0;2
85900;;;AMETHYSTS;SEASHELLS;9998.0;2
85900;;;STARFRUIT;SEASHELLS;4983.0;1
86000;;;STARFRUIT;SEASHELLS;4989.0;1
86000;;;AMETHYSTS;SEASHELLS;10002.0;1
86000;;;STARFRUIT;SEASHELLS;4983.0;1
86300;;;STARFRUIT;SEASHELLS;4983.0;1
86300;;;AMETHYSTS;SEASHELLS;9998.0;1
86500;;;AMETHYSTS;SEASHELLS;10002.0;1
87200;;;STARFRUIT;SEASHELLS;4983.0;1
87900;;;AMETHYSTS;SEASHELLS;10002.0;4
87900;;;STARFRUIT;SEASHELLS;4987.0;10
88300;;;AMETHYSTS;SEASHELLS;10004.0;2
88500;;;AMETHYSTS;SEASHELLS;10002.0;5
88500;;;STARFRUIT;SEASHELLS;4985.0;10
88600;;;AMETHYSTS;SEASHELLS;9998.0;1
88600;;;STARFRUIT;SEASHELLS;4986.0;4
88800;;;STARFRUIT;SEASHELLS;4987.0;4
88800;;;STARFRUIT;SEASHELLS;4986.0;5
88900;;;STARFRUIT;SEASHELLS;4989.0;1
89100;;;STARFRUIT;SEASHELLS;4985.0;1
89100;;;STARFRUIT;SEASHELLS;4985.0;2
89400;;;STARFRUIT;SEASHELLS;4990.0;1
89400;;;STARFRUIT;SEASHELLS;4989.0;3
90000;;;STARFRUIT;SEASHELLS;4984.0;1
90100;;;AMETHYSTS;SEASHELLS;10004.0;1
90100;;;STARFRUIT;SEASHELLS;4990.0;1
90200;;;STARFRUIT;SEASHELLS;4982.0;4
90700;;;AMETHYSTS;SEASHELLS;10002.0;6
90800;;;STARFRUIT;SEASHELLS;4987.0;3
91000;;;AMETHYSTS;SEASHELLS;9998.0;1
91000;;;STARFRUIT;SEASHELLS;4985.0;1
91400;;;AMETHYSTS;SEASHELLS;10002.0;1
91500;;;STARFRUIT;SEASHELLS;4990.0;1
91900;;;AMETHYSTS;SEASHELLS;10002.0;1
91900;;;STARFRUIT;SEASHELLS;4986.0;1
92300;;;STARFRUIT;SEASHELLS;4987.0;1
92300;;;AMETHYSTS;SEASHELLS;9996.0;1
92400;;;STARFRUIT;SEASHELLS;4991.0;2
92500;;;STARFRUIT;SEASHELLS;4986.0;1
93000;;;AMETHYSTS;SEASHELLS;10002.0;1
93100;;;AMETHYSTS;SEASHELLS;9998.0;1
93100;;;STARFRUIT;SEASHELLS;4990.0;2
93100;;;STARFRUIT;SEASHELLS;4990.0;2
93300;;;AMETHYSTS;SEASHELLS;9998.0;1
93300;;;STARFRUIT;SEASHELLS;4986.0;1
93500;;;AMETHYSTS;SEASHELLS;9998.0;1
93700;;;AMETHYSTS;SEASHELLS;10002.0;1
93900;;;AMETHYSTS;SEASHELLS;9998.0;1
94300;;;STARFRUIT;SEASHELLS;4985.0;1
94700;;;AMETHYSTS;SEASHELLS;9996.0;9
94700;;;AMETHYSTS;SEASHELLS;9996.0;2
94800;;;AMETHYSTS;SEASHELLS;10002.0;4
95100;;;STARFRUIT;SEASHELLS;4985.0;2
95100;;;AMETHYSTS;SEASHELLS;9996.0;2
95300;;;AMETHYSTS;SEASHELLS;10002.0;1
95300;;;STARFRUIT;SEASHELLS;4987.0;1
95600;;;STARFRUIT;SEASHELLS;4991.0;1
95800;;;STARFRUIT;SEASHELLS;4986.0;1
95900;;;AMETHYSTS;SEASHELLS;10002.0;3
95900;;;STARFRUIT;SEASHELLS;4991.0;1
95900;;;AMETHYSTS;SEASHELLS;10002.0;5
96100;;;STARFRUIT;SEASHELLS;4986.0;1
96100;;;AMETHYSTS;SEASHELLS;9995.0;1
96200;;;STARFRUIT;SEASHELLS;4986.0;1
96400;;;STARFRUIT;SEASHELLS;4986.0;9
96400;;;AMETHYSTS;SEASHELLS;10002.0;3
96500;;;STARFRUIT;SEASHELLS;4993.0;6
96800;;;STARFRUIT;SEASHELLS;4991.0;1
96900;;;AMETHYSTS;SEASHELLS;10005.0;3
97000;;;STARFRUIT;SEASHELLS;4987.0;2
97200;;;AMETHYSTS;SEASHELLS;10005.0;12
97300;;;STARFRUIT;SEASHELLS;4993.0;1
97300;;;AMETHYSTS;SEASHELLS;10004.0;1
97400;;;AMETHYSTS;SEASHELLS;9998.0;1
97600;;;AMETHYSTS;SEASHELLS;9998.0;1
97900;;;AMETHYSTS;SEASHELLS;10002.0;4
98100;;;STARFRUIT;SEASHELLS;4993.0;1
98100;;;AMETHYSTS;SEASHELLS;10002.0;1
98200;;;STARFRUIT;SEASHELLS;4989.0;1
98300;;;AMETHYSTS;SEASHELLS;9998.0;1
98300;;;STARFRUIT;SEASHELLS;4989.0;4
98400;;;STARFRUIT;SEASHELLS;4988.0;1
98500;;;STARFRUIT;SEASHELLS;4992.0;3
98700;;;STARFRUIT;SEASHELLS;4994.0;6
98800;;;STARFRUIT;SEASHELLS;4988.0;1
98800;;;STARFRUIT;SEASHELLS;4994.0;5
98800;;;AMETHYSTS;SEASHELLS;9996.0;1
99000;;;AMETHYSTS;SEASHELLS;9998.0;1
99300;;;STARFRUIT;SEASHELLS;4990.0;2
99400;;;STARFRUIT;SEASHELLS;4995.0;8
100000;;;STARFRUIT;SEASHELLS;4987.0;14
100100;;;AMETHYSTS;SEASHELLS;9998.0;1
100100;;;STARFRUIT;SEASHELLS;4987.0;1
100500;;;AMETHYSTS;SEASHELLS;9998.0;1
101400;;;STARFRUIT;SEASHELLS;4987.0;2
102200;;;STARFRUIT;SEASHELLS;4991.0;2
102200;;;AMETHYSTS;SEASHELLS;10004.0;2
102300;;;AMETHYSTS;SEASHELLS;10002.0;1
102300;;;AMETHYSTS;SEASHELLS;10002.0;3
102500;;;STARFRUIT;SEASHELLS;4990.0;1
102500;;;AMETHYSTS;SEASHELLS;10002.0;1
102900;;;AMETHYSTS;SEASHELLS;9998.0;1
103100;;;STARFRUIT;SEASHELLS;4984.0;2
103100;;;AMETHYSTS;SEASHELLS;9995.0;2
103300;;;STARFRUIT;SEASHELLS;4988.0;2
103600;;;STARFRUIT;SEASHELLS;4990.0;1
104000;;;AMETHYSTS;SEASHELLS;9998.0;1
104100;;;STARFRUIT;SEASHELLS;4983.0;7
104200;;;AMETHYSTS;SEASHELLS;9998.0;1
104200;;;AMETHYSTS;SEASHELLS;9998.0;2
104300;;;AMETHYSTS;SEASHELLS;9998.0;2
104400;;;STARFRUIT;SEASHELLS;4989.0;3
104400;;;AMETHYSTS;SEASHELLS;9998.0;1
104400;;;STARFRUIT;SEASHELLS;4989.0;2
104400;;;AMETHYSTS;SEASHELLS;9995.0;2
104700;;;AMETHYSTS;SEASHELLS;10002.0;1
104700;;;STARFRUIT;SEASHELLS;4985.0;1
104800;;;STARFRUIT;SEASHELLS;4985.0;1
105100;;;AMETHYSTS;SEASHELLS;10002.0;1
105200;;;STARFRUIT;SEASHELLS;4986.0;1
105900;;;AMETHYSTS;SEASHELLS;10002.0;5
106100;;;STARFRUIT;SEASHELLS;4991.0;8
106800;;;STARFRUIT;SEASHELLS;4990.0;2
106800;;;AMETHYSTS;SEASHELLS;10005.0;2
106900;;;STARFRUIT;SEASHELLS;4984.0;10
107200;;;AMETHYSTS;SEASHELLS;9995.0;4
107500;;;STARFRUIT;SEASHELLS;4990.0;2
107500;;;AMETHYSTS;SEASHELLS;10002.0;2
107700;;;AMETHYSTS;SEASHELLS;10004.0;2
107700;;;STARFRUIT;SEASHELLS;4990.0;2
108000;;;AMETHYSTS;SEASHELLS;9998.0;6
108000;;;AMETHYSTS;SEASHELLS;9998.0;5
108100;;;STARFRUIT;SEASHELLS;4983.0;4
108300;;;AMETHYSTS;SEASHELLS;9998.0;1
108400;;;STARFRUIT;SEASHELLS;4987.0;1
108600;;;AMETHYSTS;SEASHELLS;10002.0;1
108600;;;STARFRUIT;SEASHELLS;4984.0;2
108700;;;AMETHYSTS;SEASHELLS;9995.0;10
108800;;;STARFRUIT;SEASHELLS;4983.0;1
108900;;;AMETHYSTS;SEASHELLS;10004.0;1
108900;;;STARFRUIT;SEASHELLS;4989.0;1
109100;;;AMETHYSTS;SEASHELLS;10002.0;2
109400;;;STARFRUIT;SEASHELLS;4988.0;1
109600;;;STARFRUIT;SEASHELLS;4990.0;12
109900;;;AMETHYSTS;SEASHELLS;10005.0;1
109900;;;STARFRUIT;SEASHELLS;4988.0;1
110300;;;STARFRUIT;SEASHELLS;4983.0;8
111300;;;STARFRUIT;SEASHELLS;4986.0;1
111300;;;AMETHYSTS;SEASHELLS;9995.0;1
111600;;;AMETHYSTS;SEASHELLS;9996.0;2
111600;;;STARFRUIT;SEASHELLS;4984.0;1
112000;;;AMETHYSTS;SEASHELLS;10002.0;1
112200;;;AMETHYSTS;SEASHELLS;10002.0;1
112300;;;STARFRUIT;SEASHELLS;4981.0;1
112400;;;STARFRUIT;SEASHELLS;4986.0;1
112500;;;AMETHYSTS;SEASHELLS;10002.0;1
112500;;;STARFRUIT;SEASHELLS;4981.0;1
113100;;;STARFRUIT;SEASHELLS;4985.0;1
113200;;;STARFRUIT;SEASHELLS;4980.0;1
113400;;;STARFRUIT;SEASHELLS;4984.0;2
113400;;;AMETHYSTS;SEASHELLS;10004.0;1
113700;;;STARFRUIT;SEASHELLS;4984.0;1
113800;;;AMETHYSTS;SEASHELLS;9996.0;1
113800;;;STARFRUIT;SEASHELLS;4979.0;1
113900;;;STARFRUIT;SEASHELLS;4979.0;1
114300;;;STARFRUIT;SEASHELLS;4979.0;1
114700;;;AMETHYSTS;SEASHELLS;10005.0;12
114700;;;AMETHYSTS;SEASHELLS;9995.0;4
115000;;;STARFRUIT;SEASHELLS;4980.0;1
115200;;;STARFRUIT;SEASHELLS;4980.0;1
115300;;;STARFRUIT;SEASHELLS;4986.0;1
115600;;;STARFRUIT;SEASHELLS;4981.0;3
115600;;;AMETHYSTS;SEASHELLS;9998.0;1
115800;;;AMETHYSTS;SEASHELLS;9998.0;1
115800;;;STARFRUIT;SEASHELLS;4984.0;1
116600;;;STARFRUIT;SEASHELLS;4981.0;3
116700;;;STARFRUIT;SEASHELLS;4983.0;1
116900;;;STARFRUIT;SEASHELLS;4981.0;5
117700;;;STARFRUIT;SEASHELLS;4984.0;1
118000;;;AMETHYSTS;SEASHELLS;9995.0;1
118000;;;STARFRUIT;SEASHELLS;4977.0;1
118300;;;STARFRUIT;SEASHELLS;4980.0;2
118600;;;STARFRUIT;SEASHELLS;4975.0;1
119000;;;STARFRUIT;SEASHELLS;4980.0;1
119300;;;AMETHYSTS;SEASHELLS;10002.0;1
119300;;;STARFRUIT;SEASHELLS;4981.0;1
119500;;;STARFRUIT;SEASHELLS;4974.0;1
119700;;;STARFRUIT;SEASHELLS;4974.0;1
120200;;;AMETHYSTS;SEASHELLS;10002.0;1
120200;;;STARFRUIT;SEASHELLS;4973.0;1
120500;;;AMETHYSTS;SEASHELLS;9998.0;3
120700;;;STARFRUIT;SEASHELLS;4973.0;1
120800;;;STARFRUIT;SEASHELLS;4978.0;1
120800;;;AMETHYSTS;SEASHELLS;10000.0;2
120900;;;AMETHYSTS;SEASHELLS;9998.0;1
121300;;;STARFRUIT;SEASHELLS;4981.0;9
121800;;;AMETHYSTS;SEASHELLS;9998.0;2
122000;;;STARFRUIT;SEASHELLS;4975.0;9
122300;;;AMETHYSTS;SEASHELLS;10004.0;2
122300;;;AMETHYSTS;SEASHELLS;10004.0;3
122700;;;STARFRUIT;SEASHELLS;4973.0;1
123000;;;AMETHYSTS;SEASHELLS;9998.0;1
123000;;;STARFRUIT;SEASHELLS;4973.0;1
123100;;;STARFRUIT;SEASHELLS;4973.0;1
123200;;;STARFRUIT;SEASHELLS;4978.0;1
123300;;;STARFRUIT;SEASHELLS;4978.0;9
124000;;;STARFRUIT;SEASHELLS;4977.0;1
124400;;;AMETHYSTS;SEASHELLS;10002.0;1
124500;;;AMETHYSTS;SEASHELLS;9995.0;5
124700;;;AMETHYSTS;SEASHELLS;9998.0;1
124900;;;AMETHYSTS;SEASHELLS;10002.0;2
124900;;;STARFRUIT;SEASHELLS;4976.0;2
125100;;;STARFRUIT;SEASHELLS;4970.0;1
125100;;;AMETHYSTS;SEASHELLS;9998.0;1
125200;;;STARFRUIT;SEASHELLS;4974.0;1
125200;;;AMETHYSTS;SEASHELLS;10004.0;1
125300;;;AMETHYSTS;SEASHELLS;10005.0;2
125300;;;STARFRUIT;SEASHELLS;4976.0;2
125400;;;STARFRUIT;SEASHELLS;4969.0;2
125400;;;AMETHYSTS;SEASHELLS;9996.0;2
126400;;;AMETHYSTS;SEASHELLS;9996.0;3
126400;;;AMETHYSTS;SEASHELLS;9996.0;1
126500;;;AMETHYSTS;SEASHELLS;9998.0;4
127000;;;AMETHYSTS;SEASHELLS;9995.0;12
127200;;;AMETHYSTS;SEASHELLS;10002.0;2
127300;;;STARFRUIT;SEASHELLS;4970.0;6
127300;;;STARFRUIT;SEASHELLS;4970.0;1
127400;;;AMETHYSTS;SEASHELLS;10002.0;1
127600;;;STARFRUIT;SEASHELLS;4969.0;1
127800;;;AMETHYSTS;SEASHELLS;10004.0;2
127900;;;AMETHYSTS;SEASHELLS;10002.0;1
128900;;;STARFRUIT;SEASHELLS;4974.0;3
129200;;;AMETHYSTS;SEASHELLS;9995.0;2
129200;;;STARFRUIT;SEASHELLS;4969.0;2
129600;;;STARFRUIT;SEASHELLS;4975.0;1
129700;;;STARFRUIT;SEASHELLS;4970.0;1
129700;;;AMETHYSTS;SEASHELLS;9995.0;1
129800;;;STARFRUIT;SEASHELLS;4970.0;1
130100;;;AMETHYSTS;SEASHELLS;10002.0;4
130100;;;AMETHYSTS;SEASHELLS;10002.0;1
130200;;;STARFRUIT;SEASHELLS;4970.0;1
130300;;;AMETHYSTS;SEASHELLS;9998.0;3
130300;;;STARFRUIT;SEASHELLS;4970.0;1
130400;;;STARFRUIT;SEASHELLS;4969.0;1
130500;;;STARFRUIT;SEASHELLS;4976.0;12
130500;;;AMETHYSTS;SEASHELLS;9998.0;3
131200;;;AMETHYSTS;SEASHELLS;9998.0;1
131400;;;AMETHYSTS;SEASHELLS;9998.0;3
131600;;;AMETHYSTS;SEASHELLS;9998.0;1
132000;;;STARFRUIT;SEASHELLS;4975.0;1
132000;;;AMETHYSTS;SEASHELLS;10004.0;1
132100;;;AMETHYSTS;SEASHELLS;9998.0;5
132300;;;AMETHYSTS;SEASHELLS;10000.0;1
132300;;;STARFRUIT;SEASHELLS;4971.0;1
132700;;;AMETHYSTS;SEASHELLS;10004.0;9
132700;;;AMETHYSTS;SEASHELLS;10004.0;1
132700;;;STARFRUIT;SEASHELLS;4968.0;3
133400;;;STARFRUIT;SEASHELLS;4975.0;1
133400;;;AMETHYSTS;SEASHELLS;10004.0;1
133700;;;STARFRUIT;SEASHELLS;4974.0;1
133700;;;AMETHYSTS;SEASHELLS;10004.0;1
134100;;;STARFRUIT;SEASHELLS;4973.0;1
134100;;;STARFRUIT;SEASHELLS;4973.0;9
134200;;;STARFRUIT;SEASHELLS;4969.0;2
134700;;;STARFRUIT;SEASHELLS;4974.0;1
134700;;;AMETHYSTS;SEASHELLS;10004.0;1
134800;;;AMETHYSTS;SEASHELLS;10004.0;2
134900;;;AMETHYSTS;SEASHELLS;10002.0;1
135200;;;STARFRUIT;SEASHELLS;4967.0;15
135600;;;STARFRUIT;SEASHELLS;4967.0;1
136500;;;STARFRUIT;SEASHELLS;4968.0;1
136500;;;STARFRUIT;SEASHELLS;4975.0;2
136500;;;AMETHYSTS;SEASHELLS;10005.0;2
136800;;;AMETHYSTS;SEASHELLS;9998.0;2
136900;;;STARFRUIT;SEASHELLS;4968.0;1
137000;;;STARFRUIT;SEASHELLS;4974.0;9
137700;;;AMETHYSTS;SEASHELLS;10004.0;1
139100;;;AMETHYSTS;SEASHELLS;9998.0;5
139400;;;AMETHYSTS;SEASHELLS;9996.0;2
139400;;;AMETHYSTS;SEASHELLS;9996.0;1
140400;;;STARFRUIT;SEASHELLS;4971.0;1
140700;;;AMETHYSTS;SEASHELLS;9998.0;2
140800;;;STARFRUIT;SEASHELLS;4966.0;1
140900;;;STARFRUIT;SEASHELLS;4965.0;1
141100;;;AMETHYSTS;SEASHELLS;9998.0;1
141200;;;STARFRUIT;SEASHELLS;4964.0;11
141400;;;STARFRUIT;SEASHELLS;4969.0;1
141600;;;STARFRUIT;SEASHELLS;4969.0;1
141700;;;STARFRUIT;SEASHELLS;4968.0;10
142000;;;AMETHYSTS;SEASHELLS;9996.0;1
142000;;;STARFRUIT;SEASHELLS;4964.0;11
142400;;;STARFRUIT;SEASHELLS;4970.0;1
142400;;;AMETHYSTS;SEASHELLS;10004.0;1
142800;;;STARFRUIT;SEASHELLS;4970.0;13
142800;;;STARFRUIT;SEASHELLS;4968.0;1
142800;;;STARFRUIT;SEASHELLS;4967.0;4
143100;;;STARFRUIT;SEASHELLS;4963.0;2
143100;;;AMETHYSTS;SEASHELLS;9995.0;2
143200;;;STARFRUIT;SEASHELLS;4963.0;1
143200;;;AMETHYSTS;SEASHELLS;9995.0;1
143200;;;AMETHYSTS;SEASHELLS;9998.0;1
143800;;;STARFRUIT;SEASHELLS;4964.0;1
143800;;;AMETHYSTS;SEASHELLS;9998.0;1
144100;;;AMETHYSTS;SEASHELLS;10002.0;1
144200;;;STARFRUIT;SEASHELLS;4969.0;2
144200;;;AMETHYSTS;SEASHELLS;10004.0;1
144600;;;AMETHYSTS;SEASHELLS;9998.0;3
144800;;;STARFRUIT;SEASHELLS;4968.0;1
144900;;;AMETHYSTS;SEASHELLS;10002.0;1
145800;;;AMETHYSTS;SEASHELLS;9998.0;3
145800;;;STARFRUIT;SEASHELLS;4967.0;1
145900;;;STARFRUIT;SEASHELLS;4969.0;1
145900;;;STARFRUIT;SEASHELLS;4968.0;1
145900;;;AMETHYSTS;SEASHELLS;10004.0;1
146000;;;STARFRUIT;SEASHELLS;4967.0;1
146200;;;STARFRUIT;SEASHELLS;4962.0;10
146300;;;AMETHYSTS;SEASHELLS;10005.0;2
146300;;;STARFRUIT;SEASHELLS;4970.0;2
146700;;;AMETHYSTS;SEASHELLS;10005.0;5
146900;;;STARFRUIT;SEASHELLS;4964.0;3
146900;;;STARFRUIT;SEASHELLS;4963.0;1
146900;;;AMETHYSTS;SEASHELLS;10004.0;8
146900;;;AMETHYSTS;SEASHELLS;10004.0;2
147000;;;STARFRUIT;SEASHELLS;4969.0;8
147100;;;STARFRUIT;SEASHELLS;4964.0;4
147300;;;STARFRUIT;SEASHELLS;4963.0;1
147400;;;STARFRUIT;SEASHELLS;4962.0;1
147400;;;AMETHYSTS;SEASHELLS;9995.0;1
147800;;;AMETHYSTS;SEASHELLS;9998.0;1
147800;;;STARFRUIT;SEASHELLS;4967.0;1
148000;;;AMETHYSTS;SEASHELLS;10000.0;1
148000;;;AMETHYSTS;SEASHELLS;9998.0;1
148000;;;STARFRUIT;SEASHELLS;4964.0;1
148100;;;STARFRUIT;SEASHELLS;4963.0;3
148200;;;AMETHYSTS;SEASHELLS;9995.0;2
148200;;;STARFRUIT;SEASHELLS;4967.0;1
148300;;;STARFRUIT;SEASHELLS;4962.0;10
148500;;;STARFRUIT;SEASHELLS;4966.0;1
148700;;;STARFRUIT;SEASHELLS;4961.0;1
148800;;;STARFRUIT;SEASHELLS;4961.0;9
149400;;;STARFRUIT;SEASHELLS;4963.0;3
150000;;;STARFRUIT;SEASHELLS;4964.0;1
150000;;;STARFRUIT;SEASHELLS;4964.0;1
150100;;;STARFRUIT;SEASHELLS;4964.0;1
150100;;;AMETHYSTS;SEASHELLS;10004.0;1
150200;;;STARFRUIT;SEASHELLS;4965.0;1
150300;;;STARFRUIT;SEASHELLS;4959.0;1
150300;;;AMETHYSTS;SEASHELLS;9996.0;1
151400;;;STARFRUIT;SEASHELLS;4960.0;1
151400;;;AMETHYSTS;SEASHELLS;10002.0;1
151900;;;STARFRUIT;SEASHELLS;4960.0;1
152000;;;AMETHYSTS;SEASHELLS;10002.0;6
152100;;;AMETHYSTS;SEASHELLS;10004.0;2
152100;;;STARFRUIT;SEASHELLS;4966.0;2
152300;;;STARFRUIT;SEASHELLS;4959.0;1
152800;;;STARFRUIT;SEASHELLS;4965.0;3
153200;;;AMETHYSTS;SEASHELLS;9995.0;5
153400;;;STARFRUIT;SEASHELLS;4963.0;2
153500;;;STARFRUIT;SEASHELLS;4967.0;1
153500;;;AMETHYSTS;SEASHELLS;10002.0;1
153600;;;STARFRUIT;SEASHELLS;4961.0;1
153700;;;AMETHYSTS;SEASHELLS;9998.0;1
153900;;;STARFRUIT;SEASHELLS;4961.0;1
154000;;;STARFRUIT;SEASHELLS;4963.0;10
154100;;;AMETHYSTS;SEASHELLS;9998.0;2
154400;;;AMETHYSTS;SEASHELLS;10002.0;2
154600;;;AMETHYSTS;SEASHELLS;10002.0;1
154700;;;STARFRUIT;SEASHELLS;4967.0;7
154700;;;STARFRUIT;SEASHELLS;4962.0;1
154800;;;STARFRUIT;SEASHELLS;4962.0;1
155200;;;AMETHYSTS;SEASHELLS;10002.0;1
155600;;;STARFRUIT;SEASHELLS;4969.0;1
155600;;;AMETHYSTS;SEASHELLS;9998.0;1
155700;;;AMETHYSTS;SEASHELLS;10002.0;1
156200;;;STARFRUIT;SEASHELLS;4964.0;5
156400;;;STARFRUIT;SEASHELLS;4969.0;7
156500;;;AMETHYSTS;SEASHELLS;10002.0;1
156700;;;AMETHYSTS;SEASHELLS;10004.0;2
156700;;;STARFRUIT;SEASHELLS;4969.0;2
157000;;;STARFRUIT;SEASHELLS;4969.0;2
157000;;;STARFRUIT;SEASHELLS;4969.0;9
157400;;;AMETHYSTS;SEASHELLS;10002.0;1
157400;;;STARFRUIT;SEASHELLS;4964.0;1
157700;;;STARFRUIT;SEASHELLS;4972.0;1
157700;;;AMETHYSTS;SEASHELLS;10004.0;1
157900;;;STARFRUIT;SEASHELLS;4966.0;2
157900;;;AMETHYSTS;SEASHELLS;10005.0;2
158000;;;AMETHYSTS;SEASHELLS;10002.0;1
158000;;;STARFRUIT;SEASHELLS;4965.0;1
158200;;;AMETHYSTS;SEASHELLS;9998.0;8
158300;;;AMETHYSTS;SEASHELLS;10002.0;1
158300;;;STARFRUIT;SEASHELLS;4965.0;1
158500;;;STARFRUIT;SEASHELLS;4965.0;1
159200;;;AMETHYSTS;SEASHELLS;9998.0;2
159200;;;STARFRUIT;SEASHELLS;4964.0;2
159400;;;AMETHYSTS;SEASHELLS;10002.0;1
159400;;;STARFRUIT;SEASHELLS;4965.0;8
159500;;;STARFRUIT;SEASHELLS;4964.0;1
159900;;;AMETHYSTS;SEASHELLS;9996.0;2
159900;;;STARFRUIT;SEASHELLS;4964.0;2
160200;;;STARFRUIT;SEASHELLS;4964.0;1
160300;;;STARFRUIT;SEASHELLS;4969.0;1
160400;;;STARFRUIT;SEASHELLS;4963.0;1
160700;;;STARFRUIT;SEASHELLS;4963.0;1
160800;;;STARFRUIT;SEASHELLS;4969.0;13
161200;;;STARFRUIT;SEASHELLS;4964.0;3
161400;;;STARFRUIT;SEASHELLS;4969.0;13
161800;;;STARFRUIT;SEASHELLS;4962.0;1
162000;;;AMETHYSTS;SEASHELLS;10005.0;2
162000;;;STARFRUIT;SEASHELLS;4968.0;2
162300;;;AMETHYSTS;SEASHELLS;10002.0;2
162300;;;STARFRUIT;SEASHELLS;4962.0;2
162400;;;STARFRUIT;SEASHELLS;4962.0;1
162700;;;AMETHYSTS;SEASHELLS;9996.0;1
162700;;;STARFRUIT;SEASHELLS;4962.0;1
162800;;;AMETHYSTS;SEASHELLS;9995.0;2
162800;;;STARFRUIT;SEASHELLS;4961.0;2
163100;;;STARFRUIT;SEASHELLS;4967.0;1
163300;;;STARFRUIT;SEASHELLS;4969.0;1
163600;;;STARFRUIT;SEASHELLS;4966.0;2
163700;;;STARFRUIT;SEASHELLS;4963.0;4
163900;;;AMETHYSTS;SEASHELLS;10002.0;4
163900;;;AMETHYSTS;SEASHELLS;10002.0;1
164000;;;AMETHYSTS;SEASHELLS;10000.0;3
164600;;;AMETHYSTS;SEASHELLS;9998.0;1
164800;;;AMETHYSTS;SEASHELLS;9998.0;1
164900;;;STARFRUIT;SEASHELLS;4964.0;3
165000;;;AMETHYSTS;SEASHELLS;10002.0;2
165300;;;AMETHYSTS;SEASHELLS;9996.0;3
165300;;;AMETHYSTS;SEASHELLS;9996.0;1
165500;;;STARFRUIT;SEASHELLS;4968.0;1
165700;;;STARFRUIT;SEASHELLS;4968.0;1
166100;;;AMETHYSTS;SEASHELLS;10002.0;1
166300;;;AMETHYSTS;SEASHELLS;10002.0;1
166400;;;AMETHYSTS;SEASHELLS;10002.0;1
166600;;;STARFRUIT;SEASHELLS;4964.0;3
166700;;;AMETHYSTS;SEASHELLS;10002.0;1
166700;;;STARFRUIT;SEASHELLS;4963.0;1
167300;;;STARFRUIT;SEASHELLS;4968.0;2
167300;;;AMETHYSTS;SEASHELLS;10005.0;2
168100;;;AMETHYSTS;SEASHELLS;10002.0;1
168200;;;AMETHYSTS;SEASHELLS;9995.0;1
168200;;;STARFRUIT;SEASHELLS;4960.0;1
168900;;;AMETHYSTS;SEASHELLS;9998.0;5
169200;;;STARFRUIT;SEASHELLS;4959.0;1
169300;;;AMETHYSTS;SEASHELLS;10002.0;1
169300;;;STARFRUIT;SEASHELLS;4962.0;3
169500;;;STARFRUIT;SEASHELLS;4966.0;12
169600;;;STARFRUIT;SEASHELLS;4966.0;1
170000;;;STARFRUIT;SEASHELLS;4965.0;2
170000;;;STARFRUIT;SEASHELLS;4964.0;1
170000;;;AMETHYSTS;SEASHELLS;10002.0;2
170200;;;STARFRUIT;SEASHELLS;4967.0;1
170200;;;AMETHYSTS;SEASHELLS;10004.0;1
170400;;;STARFRUIT;SEASHELLS;4967.0;12
171400;;;AMETHYSTS;SEASHELLS;9998.0;1
171700;;;AMETHYSTS;SEASHELLS;10004.0;1
171700;;;STARFRUIT;SEASHELLS;4964.0;1
172000;;;STARFRUIT;SEASHELLS;4959.0;13
172100;;;AMETHYSTS;SEASHELLS;10002.0;1
172200;;;AMETHYSTS;SEASHELLS;10002.0;1
172300;;;AMETHYSTS;SEASHELLS;10002.0;1
172600;;;AMETHYSTS;SEASHELLS;10002.0;1
172700;;;AMETHYSTS;SEASHELLS;10004.0;2
173100;;;AMETHYSTS;SEASHELLS;10005.0;4
173600;;;STARFRUIT;SEASHELLS;4965.0;1
173700;;;AMETHYSTS;SEASHELLS;9998.0;1
174100;;;AMETHYSTS;SEASHELLS;9998.0;1
174100;;;STARFRUIT;SEASHELLS;4963.0;1
174400;;;STARFRUIT;SEASHELLS;4960.0;3
174700;;;STARFRUIT;SEASHELLS;4961.0;2
174900;;;AMETHYSTS;SEASHELLS;10002.0;1
174900;;;STARFRUIT;SEASHELLS;4962.0;1
175200;;;STARFRUIT;SEASHELLS;4963.0;1
175200;;;STARFRUIT;SEASHELLS;4958.0;2
175200;;;AMETHYSTS;SEASHELLS;9996.0;2
175200;;;AMETHYSTS;SEASHELLS;9998.0;1
175500;;;AMETHYSTS;SEASHELLS;10004.0;1
175500;;;STARFRUIT;SEASHELLS;4964.0;1
175600;;;STARFRUIT;SEASHELLS;4963.0;1
176000;;;STARFRUIT;SEASHELLS;4958.0;1
176100;;;AMETHYSTS;SEASHELLS;10002.0;1
176500;;;AMETHYSTS;SEASHELLS;10004.0;1
176500;;;STARFRUIT;SEASHELLS;4963.0;1
176900;;;STARFRUIT;SEASHELLS;4959.0;2
176900;;;AMETHYSTS;SEASHELLS;10005.0;9
177200;;;STARFRUIT;SEASHELLS;4958.0;1
177200;;;STARFRUIT;SEASHELLS;4958.0;7
177300;;;STARFRUIT;SEASHELLS;4959.0;2
177900;;;AMETHYSTS;SEASHELLS;9998.0;3
178200;;;STARFRUIT;SEASHELLS;4962.0;1
178500;;;STARFRUIT;SEASHELLS;4956.0;13
178700;;;STARFRUIT;SEASHELLS;4957.0;7
178800;;;STARFRUIT;SEASHELLS;4958.0;4
179600;;;AMETHYSTS;SEASHELLS;10002.0;1
179600;;;STARFRUIT;SEASHELLS;4959.0;7
180000;;;STARFRUIT;SEASHELLS;4957.0;1
180500;;;STARFRUIT;SEASHELLS;4956.0;1
180900;;;AMETHYSTS;SEASHELLS;9998.0;1
180900;;;AMETHYSTS;SEASHELLS;9998.0;2
181000;;;AMETHYSTS;SEASHELLS;10002.0;1
181400;;;STARFRUIT;SEASHELLS;4957.0;1
181500;;;STARFRUIT;SEASHELLS;4957.0;2
181600;;;AMETHYSTS;SEASHELLS;9996.0;1
181800;;;AMETHYSTS;SEASHELLS;10005.0;2
181800;;;STARFRUIT;SEASHELLS;4961.0;2
182300;;;AMETHYSTS;SEASHELLS;9998.0;3
182300;;;AMETHYSTS;SEASHELLS;9998.0;1
182500;;;AMETHYSTS;SEASHELLS;10002.0;1
182700;;;AMETHYSTS;SEASHELLS;9996.0;2
182900;;;AMETHYSTS;SEASHELLS;10002.0;1
183100;;;STARFRUIT;SEASHELLS;4957.0;1
183100;;;AMETHYSTS;SEASHELLS;10002.0;1
183400;;;STARFRUIT;SEASHELLS;4957.0;1
183900;;;AMETHYSTS;SEASHELLS;10002.0;1
184200;;;STARFRUIT;SEASHELLS;4955.0;1
184400;;;STARFRUIT;SEASHELLS;4961.0;9
184800;;;AMETHYSTS;SEASHELLS;10000.0;2
185000;;;AMETHYSTS;SEASHELLS;9995.0;1
185000;;;STARFRUIT;SEASHELLS;4955.0;1
185500;;;STARFRUIT;SEASHELLS;4956.0;7
185500;;;STARFRUIT;SEASHELLS;4956.0;7
186000;;;AMETHYSTS;SEASHELLS;9995.0;1
186000;;;STARFRUIT;SEASHELLS;4955.0;1
186500;;;AMETHYSTS;SEASHELLS;9996.0;1
186500;;;STARFRUIT;SEASHELLS;4955.0;1
186800;;;STARFRUIT;SEASHELLS;4955.0;1
186800;;;AMETHYSTS;SEASHELLS;9995.0;6
186800;;;AMETHYSTS;SEASHELLS;9995.0;1
186900;;;AMETHYSTS;SEASHELLS;10004.0;9
186900;;;AMETHYSTS;SEASHELLS;10002.0;5
186900;;;AMETHYSTS;SEASHELLS;10004.0;2
187300;;;STARFRUIT;SEASHELLS;4959.0;1
187300;;;AMETHYSTS;SEASHELLS;9998.0;2
187400;;;STARFRUIT;SEASHELLS;4961.0;13
187500;;;STARFRUIT;SEASHELLS;4955.0;1
187600;;;STARFRUIT;SEASHELLS;4961.0;15
187700;;;STARFRUIT;SEASHELLS;4960.0;1
188400;;;STARFRUIT;SEASHELLS;4954.0;1
188700;;;STARFRUIT;SEASHELLS;4958.0;1
188700;;;AMETHYSTS;SEASHELLS;10002.0;1
188900;;;STARFRUIT;SEASHELLS;4958.0;1
189000;;;AMETHYSTS;SEASHELLS;10002.0;1
189300;;;STARFRUIT;SEASHELLS;4954.0;1
189500;;;STARFRUIT;SEASHELLS;4954.0;2
189700;;;STARFRUIT;SEASHELLS;4961.0;1
189700;;;AMETHYSTS;SEASHELLS;10005.0;1
189800;;;STARFRUIT;SEASHELLS;4961.0;11
189900;;;AMETHYSTS;SEASHELLS;9998.0;1
190400;;;AMETHYSTS;SEASHELLS;10002.0;1
190400;;;AMETHYSTS;SEASHELLS;10002.0;4
191300;;;STARFRUIT;SEASHELLS;4960.0;7
191500;;;STARFRUIT;SEASHELLS;4953.0;2
191500;;;AMETHYSTS;SEASHELLS;9995.0;2
191600;;;AMETHYSTS;SEASHELLS;9998.0;3
191600;;;STARFRUIT;SEASHELLS;4954.0;1
191900;;;AMETHYSTS;SEASHELLS;10002.0;1
193100;;;STARFRUIT;SEASHELLS;4954.0;1
193400;;;AMETHYSTS;SEASHELLS;10002.0;2
193600;;;STARFRUIT;SEASHELLS;4958.0;10
193600;;;STARFRUIT;SEASHELLS;4958.0;2
193600;;;AMETHYSTS;SEASHELLS;9995.0;2
193600;;;STARFRUIT;SEASHELLS;4958.0;3
194600;;;STARFRUIT;SEASHELLS;4956.0;2
194600;;;AMETHYSTS;SEASHELLS;9998.0;2
195300;;;STARFRUIT;SEASHELLS;4958.0;11
195700;;;AMETHYSTS;SEASHELLS;10002.0;1
196100;;;STARFRUIT;SEASHELLS;4951.0;1
196400;;;STARFRUIT;SEASHELLS;4952.0;1
196600;;;AMETHYSTS;SEASHELLS;9998.0;1
196600;;;STARFRUIT;SEASHELLS;4956.0;1
196700;;;AMETHYSTS;SEASHELLS;9998.0;2
196700;;;STARFRUIT;SEASHELLS;4952.0;2
196800;;;AMETHYSTS;SEASHELLS;9998.0;4
196800;;;STARFRUIT;SEASHELLS;4952.0;5
197100;;;AMETHYSTS;SEASHELLS;9998.0;4
197200;;;AMETHYSTS;SEASHELLS;10002.0;1
197300;;;STARFRUIT;SEASHELLS;4954.0;1
197300;;;AMETHYSTS;SEASHELLS;10004.0;2
197300;;;STARFRUIT;SEASHELLS;4954.0;1
197400;;;AMETHYSTS;SEASHELLS;9998.0;4
197600;;;AMETHYSTS;SEASHELLS;9998.0;1
197900;;;AMETHYSTS;SEASHELLS;9998.0;5
198000;;;STARFRUIT;SEASHELLS;4954.0;1
198000;;;AMETHYSTS;SEASHELLS;10004.0;1
198100;;;STARFRUIT;SEASHELLS;4954.0;1
198400;;;STARFRUIT;SEASHELLS;4949.0;1
198400;;;STARFRUIT;SEASHELLS;4952.0;2
198500;;;STARFRUIT;SEASHELLS;4949.0;11
198700;;;AMETHYSTS;SEASHELLS;9998.0;5
198900;;;STARFRUIT;SEASHELLS;4954.0;1
199000;;;STARFRUIT;SEASHELLS;4955.0;14
199000;;;AMETHYSTS;SEASHELLS;9996.0;1
199000;;;STARFRUIT;SEASHELLS;4949.0;1
199000;;;STARFRUIT;SEASHELLS;4954.0;1
199400;;;AMETHYSTS;SEASHELLS;10002.0;2
199400;;;STARFRUIT;SEASHELLS;4955.0;1
199400;;;STARFRUIT;SEASHELLS;4955.0;1
199500;;;STARFRUIT;SEASHELLS;4954.0;5
199900;;;STARFRUIT;SEASHELLS;4950.0;1
200100;;;AMETHYSTS;SEASHELLS;9996.0;1
200200;;;STARFRUIT;SEASHELLS;4956.0;3
200300;;;AMETHYSTS;SEASHELLS;9996.0;1
200300;;;STARFRUIT;SEASHELLS;4952.0;1
200300;;;STARFRUIT;SEASHELLS;4952.0;1
200300;;;AMETHYSTS;SEASHELLS;9996.0;1
200400;;;AMETHYSTS;SEASHELLS;10004.0;7
200400;;;AMETHYSTS;SEASHELLS;10004.0;1
200500;;;AMETHYSTS;SEASHELLS;10004.0;2
200500;;;STARFRUIT;SEASHELLS;4958.0;2
200600;;;AMETHYSTS;SEASHELLS;10002.0;2
200600;;;AMETHYSTS;SEASHELLS;10002.0;1
200600;;;STARFRUIT;SEASHELLS;4952.0;2
201700;;;AMETHYSTS;SEASHELLS;9998.0;1
201700;;;AMETHYSTS;SEASHELLS;9996.0;2
201700;;;AMETHYSTS;SEASHELLS;9996.0;1
201900;;;AMETHYSTS;SEASHELLS;9998.0;1
202300;;;STARFRUIT;SEASHELLS;4961.0;8
202400;;;STARFRUIT;SEASHELLS;4955.0;1
202800;;;AMETHYSTS;SEASHELLS;9998.0;1
202900;;;AMETHYSTS;SEASHELLS;9996.0;1
202900;;;STARFRUIT;SEASHELLS;4955.0;2
203600;;;STARFRUIT;SEASHELLS;4957.0;2
203800;;;AMETHYSTS;SEASHELLS;9998.0;1
203900;;;AMETHYSTS;SEASHELLS;9998.0;2
203900;;;STARFRUIT;SEASHELLS;4962.0;2
204200;;;AMETHYSTS;SEASHELLS;10002.0;1
204200;;;STARFRUIT;SEASHELLS;4961.0;4
204200;;;STARFRUIT;SEASHELLS;4958.0;4
204200;;;STARFRUIT;SEASHELLS;4963.0;11
204400;;;AMETHYSTS;SEASHELLS;10002.0;1
204600;;;AMETHYSTS;SEASHELLS;10000.0;3
204800;;;AMETHYSTS;SEASHELLS;9998.0;1
204800;;;AMETHYSTS;SEASHELLS;9998.0;4
204800;;;AMETHYSTS;SEASHELLS;10002.0;6
204900;;;STARFRUIT;SEASHELLS;4961.0;1
205200;;;STARFRUIT;SEASHELLS;4957.0;2
205200;;;AMETHYSTS;SEASHELLS;9996.0;2
205300;;;STARFRUIT;SEASHELLS;4963.0;1
205300;;;AMETHYSTS;SEASHELLS;10004.0;1
205600;;;AMETHYSTS;SEASHELLS;9995.0;8
205900;;;AMETHYSTS;SEASHELLS;9998.0;1
206200;;;AMETHYSTS;SEASHELLS;9998.0;1
206400;;;AMETHYSTS;SEASHELLS;9995.0;1
206400;;;STARFRUIT;SEASHELLS;4957.0;1
206600;;;STARFRUIT;SEASHELLS;4957.0;1
206600;;;STARFRUIT;SEASHELLS;4957.0;3
207100;;;STARFRUIT;SEASHELLS;4964.0;2
207100;;;AMETHYSTS;SEASHELLS;10005.0;2
207200;;;STARFRUIT;SEASHELLS;4956.0;1
207300;;;STARFRUIT;SEASHELLS;4956.0;1
207700;;;STARFRUIT;SEASHELLS;4963.0;1
207800;;;AMETHYSTS;SEASHELLS;9998.0;4
208000;;;STARFRUIT;SEASHELLS;4958.0;1
208100;;;STARFRUIT;SEASHELLS;4965.0;14
208200;;;STARFRUIT;SEASHELLS;4963.0;1
208400;;;STARFRUIT;SEASHELLS;4957.0;1
208500;;;AMETHYSTS;SEASHELLS;9998.0;1
209000;;;AMETHYSTS;SEASHELLS;9998.0;4
209300;;;AMETHYSTS;SEASHELLS;9995.0;1
209300;;;STARFRUIT;SEASHELLS;4958.0;1
209600;;;STARFRUIT;SEASHELLS;4959.0;1
209700;;;STARFRUIT;SEASHELLS;4960.0;5
209900;;;AMETHYSTS;SEASHELLS;9996.0;2
209900;;;STARFRUIT;SEASHELLS;4959.0;2
210000;;;STARFRUIT;SEASHELLS;4961.0;3
210000;;;AMETHYSTS;SEASHELLS;9995.0;4
210000;;;AMETHYSTS;SEASHELLS;9998.0;1
210200;;;STARFRUIT;SEASHELLS;4964.0;11
210400;;;AMETHYSTS;SEASHELLS;10002.0;1
211300;;;STARFRUIT;SEASHELLS;4963.0;1
212500;;;STARFRUIT;SEASHELLS;4964.0;1
212700;;;AMETHYSTS;SEASHELLS;9996.0;2
212700;;;STARFRUIT;SEASHELLS;4959.0;1
212800;;;AMETHYSTS;SEASHELLS;10002.0;3
212900;;;AMETHYSTS;SEASHELLS;9998.0;5
213100;;;AMETHYSTS;SEASHELLS;9998.0;1
213100;;;AMETHYSTS;SEASHELLS;9998.0;3
213400;;;AMETHYSTS;SEASHELLS;9998.0;2
214400;;;AMETHYSTS;SEASHELLS;10004.0;2
214600;;;AMETHYSTS;SEASHELLS;9998.0;1
214700;;;STARFRUIT;SEASHELLS;4957.0;1
214800;;;STARFRUIT;SEASHELLS;4959.0;3
215100;;;AMETHYSTS;SEASHELLS;10005.0;2
215100;;;STARFRUIT;SEASHELLS;4963.0;2
215200;;;AMETHYSTS;SEASHELLS;10002.0;1
215200;;;STARFRUIT;SEASHELLS;4959.0;5
215400;;;STARFRUIT;SEASHELLS;4958.0;3
216400;;;STARFRUIT;SEASHELLS;4957.0;6
216500;;;AMETHYSTS;SEASHELLS;10002.0;1
216500;;;STARFRUIT;SEASHELLS;4955.0;1
216700;;;STARFRUIT;SEASHELLS;4955.0;1
216700;;;STARFRUIT;SEASHELLS;4955.0;8
217100;;;STARFRUIT;SEASHELLS;4956.0;1
217100;;;STARFRUIT;SEASHELLS;4956.0;2
217100;;;AMETHYSTS;SEASHELLS;10004.0;1
217500;;;AMETHYSTS;SEASHELLS;10002.0;1
217900;;;STARFRUIT;SEASHELLS;4958.0;1
217900;;;AMETHYSTS;SEASHELLS;9996.0;1
218100;;;AMETHYSTS;SEASHELLS;9998.0;1
218400;;;STARFRUIT;SEASHELLS;4964.0;1
218400;;;AMETHYSTS;SEASHELLS;10005.0;1
219500;;;STARFRUIT;SEASHELLS;4959.0;1
219900;;;STARFRUIT;SEASHELLS;4958.0;1
220100;;;STARFRUIT;SEASHELLS;4958.0;1
220100;;;AMETHYSTS;SEASHELLS;9996.0;1
220300;;;STARFRUIT;SEASHELLS;4952.0;2
220300;;;AMETHYSTS;SEASHELLS;10002.0;1
220800;;;STARFRUIT;SEASHELLS;4954.0;1
221500;;;STARFRUIT;SEASHELLS;4958.0;1
221700;;;STARFRUIT;SEASHELLS;4953.0;1
221800;;;STARFRUIT;SEASHELLS;4953.0;12
221800;;;STARFRUIT;SEASHELLS;4956.0;6
222500;;;AMETHYSTS;SEASHELLS;9998.0;1
222500;;;STARFRUIT;SEASHELLS;4959.0;2
222600;;;AMETHYSTS;SEASHELLS;10002.0;1
222900;;;AMETHYSTS;SEASHELLS;10005.0;8
223200;;;AMETHYSTS;SEASHELLS;10002.0;1
223200;;;STARFRUIT;SEASHELLS;4955.0;1
223400;;;STARFRUIT;SEASHELLS;4960.0;1
223900;;;AMETHYSTS;SEASHELLS;10002.0;3
223900;;;STARFRUIT;SEASHELLS;4960.0;15
224300;;;STARFRUIT;SEASHELLS;4959.0;2
224300;;;AMETHYSTS;SEASHELLS;10004.0;2
224500;;;AMETHYSTS;SEASHELLS;10004.0;1
224500;;;STARFRUIT;SEASHELLS;4960.0;1
224600;;;STARFRUIT;SEASHELLS;4953.0;1
224800;;;AMETHYSTS;SEASHELLS;10005.0;7
224900;;;STARFRUIT;SEASHELLS;4954.0;1
225000;;;STARFRUIT;SEASHELLS;4958.0;4
225500;;;STARFRUIT;SEASHELLS;4955.0;3
225800;;;STARFRUIT;SEASHELLS;4953.0;1
226000;;;AMETHYSTS;SEASHELLS;9995.0;2
226000;;;STARFRUIT;SEASHELLS;4953.0;2
226100;;;AMETHYSTS;SEASHELLS;10005.0;1
226100;;;STARFRUIT;SEASHELLS;4959.0;1
226300;;;AMETHYSTS;SEASHELLS;10002.0;1
226300;;;STARFRUIT;SEASHELLS;4956.0;5
226300;;;STARFRUIT;SEASHELLS;4956.0;5
226500;;;AMETHYSTS;SEASHELLS;10002.0;1
226700;;;STARFRUIT;SEASHELLS;4951.0;1
226800;;;STARFRUIT;SEASHELLS;4956.0;1
226800;;;STARFRUIT;SEASHELLS;4953.0;4
227400;;;AMETHYSTS;SEASHELLS;9998.0;5
227500;;;STARFRUIT;SEASHELLS;4950.0;1
227600;;;AMETHYSTS;SEASHELLS;9998.0;3
227600;;;AMETHYSTS;SEASHELLS;9998.0;1
227600;;;AMETHYSTS;SEASHELLS;9998.0;3
227600;;;STARFRUIT;SEASHELLS;4955.0;1
227700;;;STARFRUIT;SEASHELLS;4956.0;1
227700;;;AMETHYSTS;SEASHELLS;10004.0;1
227700;;;AMETHYSTS;SEASHELLS;9998.0;4
227800;;;STARFRUIT;SEASHELLS;4949.0;1
227900;;;STARFRUIT;SEASHELLS;4954.0;1
228300;;;AMETHYSTS;SEASHELLS;9998.0;4
228700;;;AMETHYSTS;SEASHELLS;9998.0;1
229200;;;AMETHYSTS;SEASHELLS;10005.0;8
229600;;;AMETHYSTS;SEASHELLS;10002.0;4
230000;;;AMETHYSTS;SEASHELLS;10002.0;1
230400;;;STARFRUIT;SEASHELLS;4951.0;1
230600;;;AMETHYSTS;SEASHELLS;9996.0;2
230600;;;STARFRUIT;SEASHELLS;4954.0;2
230600;;;STARFRUIT;SEASHELLS;4955.0;1
230600;;;STARFRUIT;SEASHELLS;4954.0;2
231100;;;STARFRUIT;SEASHELLS;4956.0;1
232500;;;STARFRUIT;SEASHELLS;4953.0;1
232700;;;STARFRUIT;SEASHELLS;4953.0;1
232700;;;AMETHYSTS;SEASHELLS;9998.0;2
233000;;;AMETHYSTS;SEASHELLS;9998.0;4
233100;;;STARFRUIT;SEASHELLS;4960.0;1
233100;;;AMETHYSTS;SEASHELLS;10002.0;1
233200;;;AMETHYSTS;SEASHELLS;9998.0;1
233500;;;AMETHYSTS;SEASHELLS;10002.0;1
233900;;;STARFRUIT;SEASHELLS;4953.0;4
234500;;;AMETHYSTS;SEASHELLS;9998.0;1
234500;;;STARFRUIT;SEASHELLS;4954.0;1
234800;;;AMETHYSTS;SEASHELLS;9998.0;1
235400;;;AMETHYSTS;SEASHELLS;9998.0;1
235400;;;STARFRUIT;SEASHELLS;4960.0;1
235700;;;AMETHYSTS;SEASHELLS;10002.0;1
236100;;;AMETHYSTS;SEASHELLS;9995.0;12
236100;;;AMETHYSTS;SEASHELLS;9998.0;1
236100;;;AMETHYSTS;SEASHELLS;9995.0;5
236400;;;AMETHYSTS;SEASHELLS;9998.0;1
236400;;;STARFRUIT;SEASHELLS;4956.0;2
236400;;;AMETHYSTS;SEASHELLS;9996.0;2
236500;;;AMETHYSTS;SEASHELLS;9995.0;2
236500;;;STARFRUIT;SEASHELLS;4957.0;1
236500;;;STARFRUIT;SEASHELLS;4964.0;13
236600;;;AMETHYSTS;SEASHELLS;10000.0;3
236700;;;STARFRUIT;SEASHELLS;4957.0;1
236900;;;STARFRUIT;SEASHELLS;4958.0;4
237000;;;STARFRUIT;SEASHELLS;4962.0;1
237000;;;AMETHYSTS;SEASHELLS;10005.0;1
237000;;;AMETHYSTS;SEASHELLS;10004.0;1
237100;;;AMETHYSTS;SEASHELLS;9998.0;1
237100;;;AMETHYSTS;SEASHELLS;9995.0;4
237200;;;STARFRUIT;SEASHELLS;4956.0;1
237700;;;STARFRUIT;SEASHELLS;4956.0;1
237900;;;AMETHYSTS;SEASHELLS;10004.0;1
237900;;;STARFRUIT;SEASHELLS;4961.0;1
238000;;;AMETHYSTS;SEASHELLS;10004.0;1
238000;;;STARFRUIT;SEASHELLS;4962.0;1
238300;;;STARFRUIT;SEASHELLS;4961.0;13
238700;;;STARFRUIT;SEASHELLS;4953.0;2
238700;;;AMETHYSTS;SEASHELLS;10002.0;1
239100;;;STARFRUIT;SEASHELLS;4953.0;1
239200;;;STARFRUIT;SEASHELLS;4958.0;1
239300;;;STARFRUIT;SEASHELLS;4957.0;5
239400;;;AMETHYSTS;SEASHELLS;10002.0;1
239800;;;AMETHYSTS;SEASHELLS;9998.0;1
240100;;;AMETHYSTS;SEASHELLS;9998.0;1
240700;;;AMETHYSTS;SEASHELLS;9998.0;1
241000;;;STARFRUIT;SEASHELLS;4953.0;1
241200;;;STARFRUIT;SEASHELLS;4954.0;1
241200;;;AMETHYSTS;SEASHELLS;9998.0;3
241300;;;AMETHYSTS;SEASHELLS;9998.0;8
241300;;;AMETHYSTS;SEASHELLS;9998.0;4
241400;;;AMETHYSTS;SEASHELLS;9996.0;1
241400;;;AMETHYSTS;SEASHELLS;9996.0;9
241500;;;STARFRUIT;SEASHELLS;4954.0;1
241600;;;STARFRUIT;SEASHELLS;4957.0;2
241700;;;STARFRUIT;SEASHELLS;4960.0;2
241700;;;AMETHYSTS;SEASHELLS;10002.0;2
241800;;;AMETHYSTS;SEASHELLS;10002.0;1
242200;;;AMETHYSTS;SEASHELLS;9998.0;1
242300;;;AMETHYSTS;SEASHELLS;10002.0;1
242400;;;STARFRUIT;SEASHELLS;4954.0;11
242600;;;STARFRUIT;SEASHELLS;4958.0;1
242800;;;AMETHYSTS;SEASHELLS;10005.0;8
242900;;;STARFRUIT;SEASHELLS;4958.0;1
243100;;;STARFRUIT;SEASHELLS;4952.0;1
243200;;;AMETHYSTS;SEASHELLS;10005.0;4
243200;;;STARFRUIT;SEASHELLS;4953.0;3
243300;;;AMETHYSTS;SEASHELLS;9998.0;3
243400;;;STARFRUIT;SEASHELLS;4957.0;1
243400;;;AMETHYSTS;SEASHELLS;9996.0;1
243600;;;STARFRUIT;SEASHELLS;4959.0;10
243600;;;STARFRUIT;SEASHELLS;4952.0;1
243600;;;STARFRUIT;SEASHELLS;4957.0;6
243700;;;AMETHYSTS;SEASHELLS;9996.0;1
243700;;;STARFRUIT;SEASHELLS;4952.0;2
244100;;;AMETHYSTS;SEASHELLS;9998.0;1
244300;;;STARFRUIT;SEASHELLS;4952.0;8
244400;;;AMETHYSTS;SEASHELLS;9998.0;1
244700;;;STARFRUIT;SEASHELLS;4958.0;1
244900;;;AMETHYSTS;SEASHELLS;10002.0;1
245000;;;AMETHYSTS;SEASHELLS;10002.0;8
245200;;;STARFRUIT;SEASHELLS;4954.0;1
245300;;;STARFRUIT;SEASHELLS;4954.0;12
246100;;;AMETHYSTS;SEASHELLS;10002.0;3
246200;;;AMETHYSTS;SEASHELLS;10002.0;3
246700;;;STARFRUIT;SEASHELLS;4957.0;4
247100;;;AMETHYSTS;SEASHELLS;9998.0;1
247300;;;STARFRUIT;SEASHELLS;4956.0;1
247400;;;STARFRUIT;SEASHELLS;4961.0;1
247600;;;AMETHYSTS;SEASHELLS;9998.0;2
247600;;;STARFRUIT;SEASHELLS;4957.0;1
247600;;;AMETHYSTS;SEASHELLS;9998.0;1
247600;;;AMETHYSTS;SEASHELLS;9998.0;4
247700;;;AMETHYSTS;SEASHELLS;9998.0;6
247700;;;AMETHYSTS;SEASHELLS;9996.0;2
247700;;;STARFRUIT;SEASHELLS;4957.0;2
247900;;;AMETHYSTS;SEASHELLS;9996.0;9
247900;;;AMETHYSTS;SEASHELLS;9996.0;1
248400;;;STARFRUIT;SEASHELLS;4956.0;1
248400;;;AMETHYSTS;SEASHELLS;9996.0;1
248700;;;AMETHYSTS;SEASHELLS;9998.0;1
248700;;;STARFRUIT;SEASHELLS;4956.0;10
249000;;;AMETHYSTS;SEASHELLS;10002.0;1
249300;;;AMETHYSTS;SEASHELLS;9998.0;1
249400;;;STARFRUIT;SEASHELLS;4956.0;1
249400;;;AMETHYSTS;SEASHELLS;9998.0;1
249800;;;AMETHYSTS;SEASHELLS;10002.0;1
249900;;;STARFRUIT;SEASHELLS;4960.0;1
249900;;;AMETHYSTS;SEASHELLS;10002.0;1
250500;;;AMETHYSTS;SEASHELLS;10005.0;2
250500;;;AMETHYSTS;SEASHELLS;10002.0;1
250500;;;STARFRUIT;SEASHELLS;4962.0;2
250600;;;STARFRUIT;SEASHELLS;4960.0;1
250700;;;AMETHYSTS;SEASHELLS;9998.0;3
251100;;;AMETHYSTS;SEASHELLS;10002.0;5
251300;;;STARFRUIT;SEASHELLS;4954.0;1
251700;;;AMETHYSTS;SEASHELLS;9996.0;2
251700;;;AMETHYSTS;SEASHELLS;9998.0;1
251700;;;AMETHYSTS;SEASHELLS;9996.0;2
251900;;;STARFRUIT;SEASHELLS;4955.0;8
251900;;;STARFRUIT;SEASHELLS;4954.0;15
252300;;;AMETHYSTS;SEASHELLS;10002.0;5
252400;;;STARFRUIT;SEASHELLS;4957.0;2
252800;;;STARFRUIT;SEASHELLS;4956.0;2
252800;;;AMETHYSTS;SEASHELLS;9996.0;2
253500;;;STARFRUIT;SEASHELLS;4955.0;1
253500;;;AMETHYSTS;SEASHELLS;9996.0;1
253700;;;STARFRUIT;SEASHELLS;4955.0;1
253800;;;AMETHYSTS;SEASHELLS;10002.0;1
254000;;;STARFRUIT;SEASHELLS;4962.0;2
254000;;;AMETHYSTS;SEASHELLS;10005.0;2
254400;;;STARFRUIT;SEASHELLS;4958.0;3
254700;;;STARFRUIT;SEASHELLS;4963.0;1
254700;;;AMETHYSTS;SEASHELLS;10004.0;1
254800;;;AMETHYSTS;SEASHELLS;10002.0;1
255000;;;STARFRUIT;SEASHELLS;4955.0;1
255100;;;AMETHYSTS;SEASHELLS;9996.0;1
255100;;;STARFRUIT;SEASHELLS;4956.0;1
255400;;;STARFRUIT;SEASHELLS;4956.0;1
256000;;;STARFRUIT;SEASHELLS;4959.0;1
256100;;;STARFRUIT;SEASHELLS;4958.0;4
256500;;;STARFRUIT;SEASHELLS;4960.0;6
256700;;;STARFRUIT;SEASHELLS;4958.0;7
256900;;;STARFRUIT;SEASHELLS;4959.0;1
257000;;;AMETHYSTS;SEASHELLS;10002.0;1
257100;;;STARFRUIT;SEASHELLS;4959.0;1
257600;;;AMETHYSTS;SEASHELLS;9996.0;1
257600;;;STARFRUIT;SEASHELLS;4954.0;1
258000;;;AMETHYSTS;SEASHELLS;9998.0;1
258200;;;AMETHYSTS;SEASHELLS;9995.0;2
258200;;;STARFRUIT;SEASHELLS;4953.0;2
258400;;;AMETHYSTS;SEASHELLS;10005.0;5
258400;;;STARFRUIT;SEASHELLS;4952.0;1
259300;;;STARFRUIT;SEASHELLS;4953.0;1
259300;;;AMETHYSTS;SEASHELLS;9998.0;1
259500;;;STARFRUIT;SEASHELLS;4957.0;1
259800;;;STARFRUIT;SEASHELLS;4951.0;2
260000;;;AMETHYSTS;SEASHELLS;10002.0;1
260200;;;AMETHYSTS;SEASHELLS;9995.0;1
260200;;;STARFRUIT;SEASHELLS;4951.0;1
260300;;;AMETHYSTS;SEASHELLS;10002.0;1
260300;;;STARFRUIT;SEASHELLS;4951.0;1
260600;;;STARFRUIT;SEASHELLS;4951.0;1
260600;;;AMETHYSTS;SEASHELLS;10004.0;1
261000;;;STARFRUIT;SEASHELLS;4956.0;1
261200;;;AMETHYSTS;SEASHELLS;10002.0;1
261300;;;AMETHYSTS;SEASHELLS;10002.0;1
261500;;;STARFRUIT;SEASHELLS;4952.0;1
261500;;;AMETHYSTS;SEASHELLS;9998.0;1
261600;;;AMETHYSTS;SEASHELLS;10002.0;1
261700;;;STARFRUIT;SEASHELLS;4957.0;6
261800;;;STARFRUIT;SEASHELLS;4957.0;1
261900;;;STARFRUIT;SEASHELLS;4952.0;1
262200;;;AMETHYSTS;SEASHELLS;10005.0;2
262200;;;STARFRUIT;SEASHELLS;4960.0;2
262400;;;AMETHYSTS;SEASHELLS;10002.0;1
262500;;;AMETHYSTS;SEASHELLS;9998.0;2
262800;;;STARFRUIT;SEASHELLS;4959.0;7
262800;;;STARFRUIT;SEASHELLS;4954.0;1
262900;;;STARFRUIT;SEASHELLS;4961.0;13
262900;;;STARFRUIT;SEASHELLS;4959.0;1
263700;;;STARFRUIT;SEASHELLS;4954.0;1
263800;;;AMETHYSTS;SEASHELLS;10002.0;1
264700;;;AMETHYSTS;SEASHELLS;9998.0;1
264800;;;STARFRUIT;SEASHELLS;4958.0;1
265000;;;AMETHYSTS;SEASHELLS;9998.0;1
265500;;;STARFRUIT;SEASHELLS;4955.0;4
265700;;;STARFRUIT;SEASHELLS;4957.0;2
265700;;;AMETHYSTS;SEASHELLS;10004.0;2
265900;;;AMETHYSTS;SEASHELLS;10000.0;1
265900;;;STARFRUIT;SEASHELLS;4958.0;1
266000;;;STARFRUIT;SEASHELLS;4953.0;1
266000;;;AMETHYSTS;SEASHELLS;9998.0;3
266300;;;STARFRUIT;SEASHELLS;4953.0;1
266500;;;STARFRUIT;SEASHELLS;4958.0;1
266700;;;AMETHYSTS;SEASHELLS;10002.0;1
266800;;;STARFRUIT;SEASHELLS;4960.0;1
266800;;;AMETHYSTS;SEASHELLS;10004.0;1
267000;;;AMETHYSTS;SEASHELLS;10002.0;5
267000;;;STARFRUIT;SEASHELLS;4954.0;4
267000;;;STARFRUIT;SEASHELLS;4953.0;1
267000;;;STARFRUIT;SEASHELLS;4954.0;4
267600;;;AMETHYSTS;SEASHELLS;10002.0;1
268500;;;STARFRUIT;SEASHELLS;4955.0;9
268800;;;AMETHYSTS;SEASHELLS;10004.0;2
268800;;;STARFRUIT;SEASHELLS;4957.0;4
269000;;;AMETHYSTS;SEASHELLS;9996.0;1
269000;;;AMETHYSTS;SEASHELLS;9996.0;1
269000;;;STARFRUIT;SEASHELLS;4955.0;2
269200;;;STARFRUIT;SEASHELLS;4959.0;2
269200;;;STARFRUIT;SEASHELLS;4960.0;1
269200;;;AMETHYSTS;SEASHELLS;10002.0;8
269400;;;AMETHYSTS;SEASHELLS;9995.0;5
269700;;;AMETHYSTS;SEASHELLS;9998.0;1
269800;;;STARFRUIT;SEASHELLS;4960.0;1
269800;;;AMETHYSTS;SEASHELLS;10002.0;1
269800;;;AMETHYSTS;SEASHELLS;10002.0;2
269900;;;STARFRUIT;SEASHELLS;4961.0;1
270100;;;STARFRUIT;SEASHELLS;4956.0;1
270200;;;AMETHYSTS;SEASHELLS;9998.0;1
270300;;;STARFRUIT;SEASHELLS;4956.0;1
270400;;;AMETHYSTS;SEASHELLS;10005.0;5
270600;;;STARFRUIT;SEASHELLS;4961.0;1
270700;;;STARFRUIT;SEASHELLS;4957.0;1
270900;;;AMETHYSTS;SEASHELLS;10004.0;2
270900;;;STARFRUIT;SEASHELLS;4963.0;2
271600;;;AMETHYSTS;SEASHELLS;9998.0;1
271700;;;STARFRUIT;SEASHELLS;4961.0;4
271700;;;STARFRUIT;SEASHELLS;4956.0;1
271700;;;STARFRUIT;SEASHELLS;4961.0;3
271800;;;AMETHYSTS;SEASHELLS;10004.0;2
272100;;;STARFRUIT;SEASHELLS;4962.0;1
272200;;;STARFRUIT;SEASHELLS;4957.0;1
272300;;;AMETHYSTS;SEASHELLS;10002.0;2
272700;;;AMETHYSTS;SEASHELLS;9998.0;1
272800;;;AMETHYSTS;SEASHELLS;10004.0;1
272800;;;STARFRUIT;SEASHELLS;4964.0;1
272800;;;AMETHYSTS;SEASHELLS;10005.0;2
273400;;;AMETHYSTS;SEASHELLS;9996.0;2
273400;;;AMETHYSTS;SEASHELLS;9996.0;6
274200;;;STARFRUIT;SEASHELLS;4965.0;1
274800;;;STARFRUIT;SEASHELLS;4960.0;9
275000;;;STARFRUIT;SEASHELLS;4964.0;1
275600;;;AMETHYSTS;SEASHELLS;9998.0;1
276500;;;AMETHYSTS;SEASHELLS;9998.0;1
276800;;;STARFRUIT;SEASHELLS;4965.0;4
276900;;;STARFRUIT;SEASHELLS;4965.0;4
277000;;;AMETHYSTS;SEASHELLS;9996.0;2
277000;;;STARFRUIT;SEASHELLS;4962.0;1
277000;;;STARFRUIT;SEASHELLS;4961.0;2
277800;;;STARFRUIT;SEASHELLS;4962.0;5
278000;;;STARFRUIT;SEASHELLS;4963.0;4
278200;;;STARFRUIT;SEASHELLS;4961.0;1
278200;;;AMETHYSTS;SEASHELLS;9998.0;3
278500;;;AMETHYSTS;SEASHELLS;9996.0;1
279300;;;STARFRUIT;SEASHELLS;4960.0;1
279400;;;AMETHYSTS;SEASHELLS;9996.0;2
279400;;;AMETHYSTS;SEASHELLS;9995.0;2
279400;;;STARFRUIT;SEASHELLS;4960.0;2
279900;;;STARFRUIT;SEASHELLS;4960.0;2
279900;;;AMETHYSTS;SEASHELLS;9996.0;1
280200;;;STARFRUIT;SEASHELLS;4960.0;2
280300;;;STARFRUIT;SEASHELLS;4960.0;1
280400;;;AMETHYSTS;SEASHELLS;10004.0;2
280400;;;STARFRUIT;SEASHELLS;4961.0;3
280400;;;STARFRUIT;SEASHELLS;4966.0;2
280900;;;AMETHYSTS;SEASHELLS;10000.0;2
281100;;;AMETHYSTS;SEASHELLS;10002.0;5
282200;;;STARFRUIT;SEASHELLS;4961.0;1
282400;;;AMETHYSTS;SEASHELLS;10002.0;1
282500;;;AMETHYSTS;SEASHELLS;9995.0;2
282600;;;STARFRUIT;SEASHELLS;4968.0;13
283100;;;STARFRUIT;SEASHELLS;4961.0;6
283300;;;STARFRUIT;SEASHELLS;4968.0;2
283300;;;AMETHYSTS;SEASHELLS;10004.0;1
283300;;;AMETHYSTS;SEASHELLS;10004.0;1
283600;;;AMETHYSTS;SEASHELLS;10002.0;1
283700;;;AMETHYSTS;SEASHELLS;9998.0;1
284300;;;AMETHYSTS;SEASHELLS;9998.0;1
284500;;;STARFRUIT;SEASHELLS;4961.0;2
284500;;;AMETHYSTS;SEASHELLS;9996.0;2
284700;;;STARFRUIT;SEASHELLS;4960.0;1
285100;;;AMETHYSTS;SEASHELLS;9996.0;1
285100;;;STARFRUIT;SEASHELLS;4961.0;1
285200;;;STARFRUIT;SEASHELLS;4967.0;5
285700;;;AMETHYSTS;SEASHELLS;9996.0;2
285700;;;STARFRUIT;SEASHELLS;4961.0;2
286000;;;STARFRUIT;SEASHELLS;4963.0;4
286000;;;STARFRUIT;SEASHELLS;4963.0;2
286000;;;AMETHYSTS;SEASHELLS;9998.0;1
286500;;;STARFRUIT;SEASHELLS;4965.0;10
286900;;;STARFRUIT;SEASHELLS;4959.0;2
287000;;;STARFRUIT;SEASHELLS;4963.0;1
288100;;;STARFRUIT;SEASHELLS;4958.0;1
288100;;;AMETHYSTS;SEASHELLS;10002.0;4
288100;;;AMETHYSTS;SEASHELLS;10002.0;1
288600;;;STARFRUIT;SEASHELLS;4957.0;1
288600;;;STARFRUIT;SEASHELLS;4958.0;4
288900;;;STARFRUIT;SEASHELLS;4960.0;1
288900;;;STARFRUIT;SEASHELLS;4961.0;1
288900;;;AMETHYSTS;SEASHELLS;10004.0;1
289400;;;STARFRUIT;SEASHELLS;4961.0;1
289800;;;AMETHYSTS;SEASHELLS;10004.0;2
289900;;;STARFRUIT;SEASHELLS;4961.0;3
290200;;;STARFRUIT;SEASHELLS;4957.0;1
290300;;;AMETHYSTS;SEASHELLS;9998.0;1
290300;;;STARFRUIT;SEASHELLS;4963.0;1
291400;;;AMETHYSTS;SEASHELLS;9995.0;4
291400;;;STARFRUIT;SEASHELLS;4960.0;1
291500;;;AMETHYSTS;SEASHELLS;9998.0;1
291700;;;STARFRUIT;SEASHELLS;4959.0;1
291700;;;AMETHYSTS;SEASHELLS;9998.0;1
292200;;;AMETHYSTS;SEASHELLS;10002.0;1
292300;;;AMETHYSTS;SEASHELLS;9996.0;2
292300;;;STARFRUIT;SEASHELLS;4957.0;2
292400;;;STARFRUIT;SEASHELLS;4959.0;3
292400;;;AMETHYSTS;SEASHELLS;10002.0;1
292500;;;AMETHYSTS;SEASHELLS;10002.0;3
292500;;;AMETHYSTS;SEASHELLS;10002.0;2
292800;;;AMETHYSTS;SEASHELLS;10002.0;1
292800;;;STARFRUIT;SEASHELLS;4958.0;1
293000;;;STARFRUIT;SEASHELLS;4958.0;1
293100;;;STARFRUIT;SEASHELLS;4958.0;1
293400;;;STARFRUIT;SEASHELLS;4958.0;1
293500;;;STARFRUIT;SEASHELLS;4963.0;2
293500;;;STARFRUIT;SEASHELLS;4963.0;5
293700;;;AMETHYSTS;SEASHELLS;10002.0;1
293800;;;STARFRUIT;SEASHELLS;4961.0;5
294200;;;STARFRUIT;SEASHELLS;4959.0;5
294600;;;STARFRUIT;SEASHELLS;4956.0;9
294700;;;STARFRUIT;SEASHELLS;4955.0;12
294900;;;STARFRUIT;SEASHELLS;4955.0;1
294900;;;AMETHYSTS;SEASHELLS;9995.0;1
295300;;;STARFRUIT;SEASHELLS;4956.0;1
295700;;;STARFRUIT;SEASHELLS;4963.0;2
295700;;;AMETHYSTS;SEASHELLS;10004.0;1
295800;;;AMETHYSTS;SEASHELLS;10002.0;1
295800;;;STARFRUIT;SEASHELLS;4956.0;1
296200;;;AMETHYSTS;SEASHELLS;10002.0;1
296300;;;STARFRUIT;SEASHELLS;4963.0;1
296400;;;AMETHYSTS;SEASHELLS;9998.0;5
296500;;;STARFRUIT;SEASHELLS;4958.0;10
297100;;;STARFRUIT;SEASHELLS;4964.0;1
297300;;;AMETHYSTS;SEASHELLS;10004.0;2
297400;;;STARFRUIT;SEASHELLS;4968.0;1
297400;;;STARFRUIT;SEASHELLS;4962.0;1
297400;;;AMETHYSTS;SEASHELLS;9998.0;2
297500;;;STARFRUIT;SEASHELLS;4961.0;11
297700;;;AMETHYSTS;SEASHELLS;10002.0;1
297800;;;AMETHYSTS;SEASHELLS;10002.0;3
298100;;;STARFRUIT;SEASHELLS;4961.0;1
298100;;;AMETHYSTS;SEASHELLS;9998.0;2
298600;;;STARFRUIT;SEASHELLS;4963.0;1
298800;;;STARFRUIT;SEASHELLS;4968.0;1
298900;;;STARFRUIT;SEASHELLS;4965.0;1
298900;;;STARFRUIT;SEASHELLS;4965.0;1
299400;;;STARFRUIT;SEASHELLS;4961.0;11
299500;;;AMETHYSTS;SEASHELLS;9995.0;5
299600;;;STARFRUIT;SEASHELLS;4966.0;1
299700;;;STARFRUIT;SEASHELLS;4964.0;2
299700;;;STARFRUIT;SEASHELLS;4966.0;1
300500;;;STARFRUIT;SEASHELLS;4963.0;3
300800;;;STARFRUIT;SEASHELLS;4967.0;1
300800;;;AMETHYSTS;SEASHELLS;10005.0;1
301400;;;STARFRUIT;SEASHELLS;4965.0;2
301400;;;AMETHYSTS;SEASHELLS;10005.0;2
301500;;;AMETHYSTS;SEASHELLS;10002.0;1
301700;;;STARFRUIT;SEASHELLS;4960.0;1
301800;;;STARFRUIT;SEASHELLS;4961.0;3
301800;;;STARFRUIT;SEASHELLS;4960.0;11
302100;;;AMETHYSTS;SEASHELLS;10004.0;1
302100;;;STARFRUIT;SEASHELLS;4964.0;2
302100;;;STARFRUIT;SEASHELLS;4966.0;1
302100;;;STARFRUIT;SEASHELLS;4965.0;1
302400;;;AMETHYSTS;SEASHELLS;9998.0;1
302400;;;AMETHYSTS;SEASHELLS;9998.0;4
302500;;;AMETHYSTS;SEASHELLS;9998.0;1
302500;;;STARFRUIT;SEASHELLS;4960.0;5
302600;;;STARFRUIT;SEASHELLS;4959.0;7
302900;;;STARFRUIT;SEASHELLS;4960.0;1
303100;;;STARFRUIT;SEASHELLS;4960.0;1
303100;;;AMETHYSTS;SEASHELLS;10005.0;2
303600;;;STARFRUIT;SEASHELLS;4961.0;1
303600;;;AMETHYSTS;SEASHELLS;9998.0;5
303700;;;STARFRUIT;SEASHELLS;4962.0;4
303700;;;AMETHYSTS;SEASHELLS;10002.0;1
303900;;;STARFRUIT;SEASHELLS;4962.0;3
303900;;;STARFRUIT;SEASHELLS;4962.0;2
303900;;;STARFRUIT;SEASHELLS;4962.0;2
304200;;;STARFRUIT;SEASHELLS;4961.0;8
304200;;;STARFRUIT;SEASHELLS;4962.0;4
304800;;;STARFRUIT;SEASHELLS;4960.0;5
305100;;;AMETHYSTS;SEASHELLS;9998.0;1
305700;;;STARFRUIT;SEASHELLS;4961.0;5
305900;;;AMETHYSTS;SEASHELLS;10002.0;3
306200;;;STARFRUIT;SEASHELLS;4960.0;12
306300;;;AMETHYSTS;SEASHELLS;9998.0;1
306700;;;AMETHYSTS;SEASHELLS;9998.0;2
307400;;;AMETHYSTS;SEASHELLS;9998.0;1
307500;;;STARFRUIT;SEASHELLS;4960.0;1
307900;;;AMETHYSTS;SEASHELLS;10004.0;1
307900;;;STARFRUIT;SEASHELLS;4966.0;1
308000;;;AMETHYSTS;SEASHELLS;10002.0;1
308200;;;AMETHYSTS;SEASHELLS;9996.0;1
308200;;;STARFRUIT;SEASHELLS;4960.0;1
308300;;;STARFRUIT;SEASHELLS;4960.0;1
308300;;;AMETHYSTS;SEASHELLS;10002.0;1
308400;;;STARFRUIT;SEASHELLS;4960.0;2
308500;;;STARFRUIT;SEASHELLS;4959.0;1
308600;;;STARFRUIT;SEASHELLS;4959.0;1
309600;;;AMETHYSTS;SEASHELLS;9998.0;2
309600;;;STARFRUIT;SEASHELLS;4959.0;2
309800;;;AMETHYSTS;SEASHELLS;9998.0;1
310300;;;STARFRUIT;SEASHELLS;4961.0;2
310500;;;STARFRUIT;SEASHELLS;4964.0;1
310600;;;AMETHYSTS;SEASHELLS;10002.0;1
310800;;;STARFRUIT;SEASHELLS;4963.0;1
310900;;;AMETHYSTS;SEASHELLS;10004.0;2
311500;;;STARFRUIT;SEASHELLS;4957.0;11
311700;;;STARFRUIT;SEASHELLS;4958.0;2
311700;;;AMETHYSTS;SEASHELLS;9996.0;2
312300;;;AMETHYSTS;SEASHELLS;9996.0;2
312300;;;STARFRUIT;SEASHELLS;4957.0;2
312600;;;AMETHYSTS;SEASHELLS;10004.0;2
312600;;;AMETHYSTS;SEASHELLS;10004.0;8
313100;;;STARFRUIT;SEASHELLS;4957.0;1
313100;;;AMETHYSTS;SEASHELLS;9996.0;1
313100;;;AMETHYSTS;SEASHELLS;9996.0;2
313200;;;STARFRUIT;SEASHELLS;4957.0;1
313600;;;AMETHYSTS;SEASHELLS;10005.0;5
313700;;;AMETHYSTS;SEASHELLS;9998.0;2
313700;;;AMETHYSTS;SEASHELLS;9998.0;2
314000;;;AMETHYSTS;SEASHELLS;10002.0;1
314100;;;AMETHYSTS;SEASHELLS;10002.0;1
314200;;;STARFRUIT;SEASHELLS;4961.0;11
314200;;;STARFRUIT;SEASHELLS;4958.0;2
314700;;;STARFRUIT;SEASHELLS;4955.0;2
314700;;;AMETHYSTS;SEASHELLS;10002.0;1
315300;;;AMETHYSTS;SEASHELLS;10002.0;5
315500;;;STARFRUIT;SEASHELLS;4962.0;12
315500;;;STARFRUIT;SEASHELLS;4962.0;2
315500;;;AMETHYSTS;SEASHELLS;9998.0;2
315800;;;STARFRUIT;SEASHELLS;4964.0;1
315800;;;AMETHYSTS;SEASHELLS;10002.0;1
316200;;;AMETHYSTS;SEASHELLS;10004.0;2
316200;;;STARFRUIT;SEASHELLS;4964.0;2
316600;;;STARFRUIT;SEASHELLS;4966.0;1
316600;;;AMETHYSTS;SEASHELLS;10005.0;1
316800;;;STARFRUIT;SEASHELLS;4960.0;1
316900;;;STARFRUIT;SEASHELLS;4965.0;1
317400;;;STARFRUIT;SEASHELLS;4960.0;1
317700;;;AMETHYSTS;SEASHELLS;10002.0;1
317800;;;AMETHYSTS;SEASHELLS;9998.0;3
317900;;;STARFRUIT;SEASHELLS;4964.0;1
318000;;;AMETHYSTS;SEASHELLS;9998.0;1
318600;;;AMETHYSTS;SEASHELLS;10002.0;2
318700;;;STARFRUIT;SEASHELLS;4966.0;1
318800;;;STARFRUIT;SEASHELLS;4962.0;3
319000;;;AMETHYSTS;SEASHELLS;9998.0;1
319500;;;STARFRUIT;SEASHELLS;4961.0;1
319600;;;STARFRUIT;SEASHELLS;4964.0;5
319800;;;AMETHYSTS;SEASHELLS;10002.0;1
320100;;;AMETHYSTS;SEASHELLS;9998.0;1
320300;;;AMETHYSTS;SEASHELLS;10004.0;1
320300;;;STARFRUIT;SEASHELLS;4969.0;1
320500;;;STARFRUIT;SEASHELLS;4963.0;1
320900;;;AMETHYSTS;SEASHELLS;10005.0;3
321100;;;STARFRUIT;SEASHELLS;4965.0;4
321300;;;STARFRUIT;SEASHELLS;4968.0;2
321300;;;AMETHYSTS;SEASHELLS;10004.0;2
321600;;;STARFRUIT;SEASHELLS;4961.0;1
321800;;;STARFRUIT;SEASHELLS;4960.0;1
321900;;;AMETHYSTS;SEASHELLS;9996.0;1
321900;;;STARFRUIT;SEASHELLS;4960.0;1
322000;;;STARFRUIT;SEASHELLS;4960.0;1
322100;;;STARFRUIT;SEASHELLS;4960.0;1
322900;;;STARFRUIT;SEASHELLS;4960.0;1
323200;;;STARFRUIT;SEASHELLS;4966.0;15
323900;;;STARFRUIT;SEASHELLS;4963.0;4
324100;;;AMETHYSTS;SEASHELLS;9998.0;2
324100;;;STARFRUIT;SEASHELLS;4960.0;2
324200;;;STARFRUIT;SEASHELLS;4965.0;5
324200;;;AMETHYSTS;SEASHELLS;9998.0;1
324300;;;STARFRUIT;SEASHELLS;4966.0;1
324600;;;AMETHYSTS;SEASHELLS;9995.0;6
325000;;;AMETHYSTS;SEASHELLS;10005.0;5
325100;;;STARFRUIT;SEASHELLS;4961.0;1
325100;;;AMETHYSTS;SEASHELLS;9996.0;1
325500;;;STARFRUIT;SEASHELLS;4967.0;1
326000;;;AMETHYSTS;SEASHELLS;9996.0;2
326200;;;STARFRUIT;SEASHELLS;4963.0;1
326300;;;STARFRUIT;SEASHELLS;4964.0;1
326400;;;STARFRUIT;SEASHELLS;4969.0;1
326600;;;STARFRUIT;SEASHELLS;4969.0;1
326700;;;STARFRUIT;SEASHELLS;4969.0;1
326900;;;AMETHYSTS;SEASHELLS;10002.0;1
326900;;;STARFRUIT;SEASHELLS;4964.0;1
327000;;;STARFRUIT;SEASHELLS;4963.0;15
327100;;;AMETHYSTS;SEASHELLS;10002.0;2
327700;;;STARFRUIT;SEASHELLS;4966.0;1
327800;;;STARFRUIT;SEASHELLS;4966.0;1
327800;;;AMETHYSTS;SEASHELLS;9996.0;1
328000;;;STARFRUIT;SEASHELLS;4971.0;7
328400;;;STARFRUIT;SEASHELLS;4968.0;2
328400;;;STARFRUIT;SEASHELLS;4967.0;1
328600;;;STARFRUIT;SEASHELLS;4972.0;1
328900;;;STARFRUIT;SEASHELLS;4967.0;1
329000;;;STARFRUIT;SEASHELLS;4972.0;1
329100;;;AMETHYSTS;SEASHELLS;10005.0;10
329300;;;AMETHYSTS;SEASHELLS;9998.0;1
329700;;;AMETHYSTS;SEASHELLS;9998.0;1
329800;;;AMETHYSTS;SEASHELLS;10004.0;1
329800;;;AMETHYSTS;SEASHELLS;10004.0;3
330400;;;STARFRUIT;SEASHELLS;4968.0;1
330600;;;AMETHYSTS;SEASHELLS;9998.0;3
330600;;;AMETHYSTS;SEASHELLS;9998.0;2
331100;;;AMETHYSTS;SEASHELLS;10002.0;1
331200;;;AMETHYSTS;SEASHELLS;10002.0;1
331300;;;STARFRUIT;SEASHELLS;4969.0;1
331400;;;AMETHYSTS;SEASHELLS;9998.0;1
331600;;;STARFRUIT;SEASHELLS;4973.0;4
331700;;;AMETHYSTS;SEASHELLS;9998.0;1
331800;;;AMETHYSTS;SEASHELLS;9998.0;1
331800;;;AMETHYSTS;SEASHELLS;10000.0;1
331800;;;STARFRUIT;SEASHELLS;4972.0;1
332200;;;STARFRUIT;SEASHELLS;4969.0;8
332200;;;STARFRUIT;SEASHELLS;4969.0;2
332500;;;AMETHYSTS;SEASHELLS;10002.0;1
333100;;;AMETHYSTS;SEASHELLS;10004.0;2
333100;;;STARFRUIT;SEASHELLS;4976.0;2
333300;;;STARFRUIT;SEASHELLS;4970.0;1
333500;;;AMETHYSTS;SEASHELLS;9995.0;9
333600;;;STARFRUIT;SEASHELLS;4972.0;2
333900;;;AMETHYSTS;SEASHELLS;10002.0;2
334100;;;STARFRUIT;SEASHELLS;4971.0;1
334300;;;STARFRUIT;SEASHELLS;4970.0;1
334500;;;STARFRUIT;SEASHELLS;4971.0;1
335000;;;STARFRUIT;SEASHELLS;4976.0;1
335300;;;AMETHYSTS;SEASHELLS;9998.0;1
335400;;;AMETHYSTS;SEASHELLS;10002.0;1
335500;;;STARFRUIT;SEASHELLS;4970.0;12
335600;;;STARFRUIT;SEASHELLS;4974.0;6
335800;;;AMETHYSTS;SEASHELLS;9998.0;1
336000;;;AMETHYSTS;SEASHELLS;9995.0;8
336200;;;STARFRUIT;SEASHELLS;4979.0;1
336200;;;AMETHYSTS;SEASHELLS;9998.0;1
336400;;;STARFRUIT;SEASHELLS;4977.0;1
336500;;;AMETHYSTS;SEASHELLS;9998.0;3
336600;;;STARFRUIT;SEASHELLS;4972.0;2
336600;;;AMETHYSTS;SEASHELLS;9996.0;2
336700;;;STARFRUIT;SEASHELLS;4972.0;1
336800;;;AMETHYSTS;SEASHELLS;9996.0;1
336800;;;AMETHYSTS;SEASHELLS;9996.0;2
336800;;;AMETHYSTS;SEASHELLS;9998.0;1
336900;;;STARFRUIT;SEASHELLS;4972.0;1
337100;;;AMETHYSTS;SEASHELLS;9998.0;1
337200;;;AMETHYSTS;SEASHELLS;9998.0;2
337200;;;STARFRUIT;SEASHELLS;4975.0;2
337200;;;AMETHYSTS;SEASHELLS;9998.0;2
337500;;;AMETHYSTS;SEASHELLS;10002.0;5
337600;;;AMETHYSTS;SEASHELLS;9996.0;1
337600;;;STARFRUIT;SEASHELLS;4971.0;1
337800;;;STARFRUIT;SEASHELLS;4972.0;7
337900;;;STARFRUIT;SEASHELLS;4972.0;1
338200;;;STARFRUIT;SEASHELLS;4972.0;3
338300;;;AMETHYSTS;SEASHELLS;10004.0;1
338300;;;STARFRUIT;SEASHELLS;4969.0;1
338300;;;STARFRUIT;SEASHELLS;4973.0;1
338600;;;STARFRUIT;SEASHELLS;4973.0;1
339000;;;AMETHYSTS;SEASHELLS;9998.0;1
339600;;;STARFRUIT;SEASHELLS;4974.0;1
339900;;;AMETHYSTS;SEASHELLS;9998.0;1
340100;;;STARFRUIT;SEASHELLS;4974.0;1
340500;;;STARFRUIT;SEASHELLS;4974.0;1
340700;;;AMETHYSTS;SEASHELLS;9996.0;2
340700;;;AMETHYSTS;SEASHELLS;9996.0;2
340700;;;AMETHYSTS;SEASHELLS;9996.0;8
340900;;;STARFRUIT;SEASHELLS;4970.0;11
341000;;;AMETHYSTS;SEASHELLS;10004.0;2
341200;;;STARFRUIT;SEASHELLS;4971.0;3
341200;;;AMETHYSTS;SEASHELLS;9996.0;1
341200;;;AMETHYSTS;SEASHELLS;9996.0;1
341300;;;STARFRUIT;SEASHELLS;4975.0;1
341300;;;AMETHYSTS;SEASHELLS;10002.0;1
341400;;;AMETHYSTS;SEASHELLS;9998.0;1
341400;;;STARFRUIT;SEASHELLS;4970.0;1
341500;;;STARFRUIT;SEASHELLS;4976.0;1
341900;;;AMETHYSTS;SEASHELLS;9998.0;1
342100;;;STARFRUIT;SEASHELLS;4971.0;1
342300;;;STARFRUIT;SEASHELLS;4971.0;1
342600;;;STARFRUIT;SEASHELLS;4971.0;7
342900;;;STARFRUIT;SEASHELLS;4977.0;2
342900;;;AMETHYSTS;SEASHELLS;10005.0;2
343700;;;AMETHYSTS;SEASHELLS;10002.0;1
343700;;;STARFRUIT;SEASHELLS;4973.0;1
344100;;;AMETHYSTS;SEASHELLS;10002.0;1
344200;;;AMETHYSTS;SEASHELLS;9996.0;2
344300;;;AMETHYSTS;SEASHELLS;10002.0;1
344800;;;STARFRUIT;SEASHELLS;4978.0;1
345100;;;STARFRUIT;SEASHELLS;4974.0;1
345400;;;AMETHYSTS;SEASHELLS;9998.0;1
345500;;;AMETHYSTS;SEASHELLS;9998.0;1
345500;;;STARFRUIT;SEASHELLS;4974.0;2
345800;;;AMETHYSTS;SEASHELLS;9996.0;5
345800;;;AMETHYSTS;SEASHELLS;9996.0;1
345900;;;STARFRUIT;SEASHELLS;4974.0;1
346200;;;AMETHYSTS;SEASHELLS;9996.0;6
346200;;;AMETHYSTS;SEASHELLS;9996.0;1
346400;;;AMETHYSTS;SEASHELLS;10002.0;1
346600;;;AMETHYSTS;SEASHELLS;10004.0;1
347100;;;AMETHYSTS;SEASHELLS;9998.0;1
347500;;;AMETHYSTS;SEASHELLS;10002.0;2
347500;;;STARFRUIT;SEASHELLS;4979.0;1
347800;;;STARFRUIT;SEASHELLS;4973.0;1
347800;;;STARFRUIT;SEASHELLS;4979.0;8
348600;;;STARFRUIT;SEASHELLS;4979.0;1
348700;;;STARFRUIT;SEASHELLS;4977.0;3
348800;;;STARFRUIT;SEASHELLS;4975.0;1
349200;;;STARFRUIT;SEASHELLS;4974.0;1
349400;;;STARFRUIT;SEASHELLS;4980.0;1
349400;;;AMETHYSTS;SEASHELLS;10004.0;6
349400;;;AMETHYSTS;SEASHELLS;10004.0;1
349500;;;STARFRUIT;SEASHELLS;4980.0;1
349600;;;AMETHYSTS;SEASHELLS;9996.0;1
349600;;;STARFRUIT;SEASHELLS;4975.0;1
350400;;;STARFRUIT;SEASHELLS;4976.0;1
350400;;;AMETHYSTS;SEASHELLS;10002.0;3
350400;;;AMETHYSTS;SEASHELLS;10002.0;3
350600;;;STARFRUIT;SEASHELLS;4981.0;9
350700;;;AMETHYSTS;SEASHELLS;9998.0;5
350800;;;AMETHYSTS;SEASHELLS;9996.0;2
350800;;;STARFRUIT;SEASHELLS;4975.0;1
350800;;;STARFRUIT;SEASHELLS;4975.0;1
350900;;;AMETHYSTS;SEASHELLS;10002.0;1
351000;;;STARFRUIT;SEASHELLS;4980.0;1
351000;;;AMETHYSTS;SEASHELLS;9998.0;1
351400;;;AMETHYSTS;SEASHELLS;10005.0;2
351400;;;STARFRUIT;SEASHELLS;4983.0;2
351500;;;STARFRUIT;SEASHELLS;4976.0;1
351800;;;AMETHYSTS;SEASHELLS;10004.0;4
351800;;;AMETHYSTS;SEASHELLS;10002.0;2
351800;;;AMETHYSTS;SEASHELLS;10004.0;2
352200;;;AMETHYSTS;SEASHELLS;10002.0;1
352800;;;STARFRUIT;SEASHELLS;4977.0;1
352800;;;STARFRUIT;SEASHELLS;4980.0;4
352900;;;STARFRUIT;SEASHELLS;4982.0;1
353100;;;AMETHYSTS;SEASHELLS;9996.0;1
353100;;;STARFRUIT;SEASHELLS;4977.0;1
353200;;;AMETHYSTS;SEASHELLS;10002.0;0
353200;;;AMETHYSTS;SEASHELLS;10002.0;1
353200;;;AMETHYSTS;SEASHELLS;10002.0;1
353200;;;AMETHYSTS;SEASHELLS;10002.0;6
353500;;;STARFRUIT;SEASHELLS;4982.0;13
353600;;;STARFRUIT;SEASHELLS;4977.0;9
353600;;;STARFRUIT;SEASHELLS;4976.0;2
353600;;;AMETHYSTS;SEASHELLS;9995.0;2
354200;;;AMETHYSTS;SEASHELLS;10000.0;1
354200;;;STARFRUIT;SEASHELLS;4979.0;1
354300;;;STARFRUIT;SEASHELLS;4981.0;1
354300;;;AMETHYSTS;SEASHELLS;10002.0;3
354600;;;STARFRUIT;SEASHELLS;4980.0;2
354600;;;STARFRUIT;SEASHELLS;4980.0;3
354700;;;STARFRUIT;SEASHELLS;4981.0;1
355100;;;AMETHYSTS;SEASHELLS;9996.0;1
355100;;;STARFRUIT;SEASHELLS;4974.0;2
355300;;;STARFRUIT;SEASHELLS;4979.0;1
355500;;;AMETHYSTS;SEASHELLS;9998.0;1
356100;;;STARFRUIT;SEASHELLS;4975.0;1
356600;;;AMETHYSTS;SEASHELLS;10004.0;11
356600;;;AMETHYSTS;SEASHELLS;10004.0;1
356600;;;STARFRUIT;SEASHELLS;4977.0;2
356600;;;AMETHYSTS;SEASHELLS;10002.0;1
356800;;;STARFRUIT;SEASHELLS;4982.0;8
357200;;;STARFRUIT;SEASHELLS;4975.0;1
357200;;;STARFRUIT;SEASHELLS;4979.0;6
357500;;;AMETHYSTS;SEASHELLS;9995.0;5
357700;;;STARFRUIT;SEASHELLS;4980.0;2
357800;;;STARFRUIT;SEASHELLS;4980.0;1
358000;;;AMETHYSTS;SEASHELLS;9996.0;2
358400;;;AMETHYSTS;SEASHELLS;10002.0;7
358500;;;STARFRUIT;SEASHELLS;4975.0;1
358600;;;STARFRUIT;SEASHELLS;4975.0;1
358600;;;AMETHYSTS;SEASHELLS;10002.0;1
359300;;;AMETHYSTS;SEASHELLS;9995.0;6
359600;;;AMETHYSTS;SEASHELLS;10002.0;1
359900;;;STARFRUIT;SEASHELLS;4976.0;1
359900;;;AMETHYSTS;SEASHELLS;9996.0;1
360000;;;AMETHYSTS;SEASHELLS;9998.0;1
360000;;;STARFRUIT;SEASHELLS;4983.0;11
360100;;;STARFRUIT;SEASHELLS;4977.0;1
360400;;;AMETHYSTS;SEASHELLS;10002.0;1
360900;;;AMETHYSTS;SEASHELLS;9998.0;4
361300;;;STARFRUIT;SEASHELLS;4978.0;2
361300;;;AMETHYSTS;SEASHELLS;9996.0;1
361300;;;AMETHYSTS;SEASHELLS;9996.0;1
361700;;;STARFRUIT;SEASHELLS;4983.0;1
361800;;;STARFRUIT;SEASHELLS;4981.0;4
362100;;;STARFRUIT;SEASHELLS;4978.0;9
362500;;;AMETHYSTS;SEASHELLS;10002.0;1
362700;;;AMETHYSTS;SEASHELLS;10002.0;1
362800;;;AMETHYSTS;SEASHELLS;10002.0;5
363200;;;AMETHYSTS;SEASHELLS;10004.0;1
363200;;;AMETHYSTS;SEASHELLS;10004.0;1
363300;;;STARFRUIT;SEASHELLS;4984.0;1
363900;;;STARFRUIT;SEASHELLS;4979.0;14
364000;;;AMETHYSTS;SEASHELLS;10002.0;1
364100;;;STARFRUIT;SEASHELLS;4984.0;1
364600;;;STARFRUIT;SEASHELLS;4984.0;1
365000;;;STARFRUIT;SEASHELLS;4978.0;1
365300;;;STARFRUIT;SEASHELLS;4983.0;1
365300;;;AMETHYSTS;SEASHELLS;9998.0;5
365300;;;AMETHYSTS;SEASHELLS;9998.0;1
365900;;;AMETHYSTS;SEASHELLS;9998.0;5
365900;;;STARFRUIT;SEASHELLS;4982.0;1
366100;;;AMETHYSTS;SEASHELLS;9998.0;1
366200;;;STARFRUIT;SEASHELLS;4978.0;1
366500;;;AMETHYSTS;SEASHELLS;10002.0;1
366500;;;STARFRUIT;SEASHELLS;4978.0;1
366700;;;STARFRUIT;SEASHELLS;4978.0;1
367000;;;STARFRUIT;SEASHELLS;4979.0;1
367000;;;STARFRUIT;SEASHELLS;4985.0;2
367100;;;STARFRUIT;SEASHELLS;4979.0;1
367200;;;AMETHYSTS;SEASHELLS;10002.0;1
368000;;;STARFRUIT;SEASHELLS;4986.0;2
368000;;;AMETHYSTS;SEASHELLS;10005.0;2
368100;;;AMETHYSTS;SEASHELLS;10002.0;1
368100;;;STARFRUIT;SEASHELLS;4985.0;1
368100;;;AMETHYSTS;SEASHELLS;10004.0;1
368500;;;STARFRUIT;SEASHELLS;4980.0;5
368700;;;STARFRUIT;SEASHELLS;4982.0;3
368700;;;STARFRUIT;SEASHELLS;4980.0;1
368700;;;AMETHYSTS;SEASHELLS;9998.0;2
368800;;;AMETHYSTS;SEASHELLS;10004.0;1
368800;;;STARFRUIT;SEASHELLS;4984.0;1
369000;;;STARFRUIT;SEASHELLS;4980.0;6
369100;;;AMETHYSTS;SEASHELLS;10004.0;1
369100;;;STARFRUIT;SEASHELLS;4986.0;1
369300;;;STARFRUIT;SEASHELLS;4979.0;1
369700;;;STARFRUIT;SEASHELLS;4983.0;2
369700;;;AMETHYSTS;SEASHELLS;10002.0;4
369900;;;STARFRUIT;SEASHELLS;4984.0;1
370700;;;AMETHYSTS;SEASHELLS;10002.0;1
370800;;;AMETHYSTS;SEASHELLS;9998.0;1
370900;;;AMETHYSTS;SEASHELLS;9996.0;1
370900;;;STARFRUIT;SEASHELLS;4980.0;2
370900;;;AMETHYSTS;SEASHELLS;9996.0;1
370900;;;STARFRUIT;SEASHELLS;4980.0;1
371200;;;AMETHYSTS;SEASHELLS;9998.0;1
371300;;;STARFRUIT;SEASHELLS;4985.0;1
371400;;;AMETHYSTS;SEASHELLS;9998.0;5
371700;;;STARFRUIT;SEASHELLS;4978.0;1
371900;;;AMETHYSTS;SEASHELLS;9998.0;1
372200;;;AMETHYSTS;SEASHELLS;10002.0;5
372600;;;STARFRUIT;SEASHELLS;4980.0;3
372600;;;STARFRUIT;SEASHELLS;4979.0;1
372700;;;STARFRUIT;SEASHELLS;4986.0;2
372700;;;AMETHYSTS;SEASHELLS;10004.0;2
372900;;;STARFRUIT;SEASHELLS;4980.0;1
373500;;;AMETHYSTS;SEASHELLS;9995.0;1
373500;;;STARFRUIT;SEASHELLS;4979.0;1
373800;;;STARFRUIT;SEASHELLS;4984.0;1
373800;;;STARFRUIT;SEASHELLS;4981.0;4
374000;;;AMETHYSTS;SEASHELLS;10002.0;4
374300;;;AMETHYSTS;SEASHELLS;9998.0;1
374300;;;STARFRUIT;SEASHELLS;4977.0;1
374600;;;AMETHYSTS;SEASHELLS;9998.0;1
375100;;;STARFRUIT;SEASHELLS;4982.0;2
375200;;;STARFRUIT;SEASHELLS;4978.0;1
375300;;;AMETHYSTS;SEASHELLS;9996.0;1
375400;;;AMETHYSTS;SEASHELLS;10004.0;1
375500;;;STARFRUIT;SEASHELLS;4979.0;1
375700;;;STARFRUIT;SEASHELLS;4981.0;5
375900;;;AMETHYSTS;SEASHELLS;10002.0;2
376100;;;AMETHYSTS;SEASHELLS;10002.0;5
376100;;;STARFRUIT;SEASHELLS;4983.0;1
376300;;;AMETHYSTS;SEASHELLS;10004.0;2
376300;;;STARFRUIT;SEASHELLS;4984.0;2
376400;;;STARFRUIT;SEASHELLS;4982.0;3
376700;;;STARFRUIT;SEASHELLS;4984.0;8
377400;;;AMETHYSTS;SEASHELLS;9996.0;2
378000;;;STARFRUIT;SEASHELLS;4977.0;1
378100;;;STARFRUIT;SEASHELLS;4976.0;8
378200;;;STARFRUIT;SEASHELLS;4976.0;8
378300;;;AMETHYSTS;SEASHELLS;9998.0;1
378700;;;AMETHYSTS;SEASHELLS;10002.0;4
379200;;;STARFRUIT;SEASHELLS;4977.0;1
379300;;;STARFRUIT;SEASHELLS;4977.0;1
379600;;;STARFRUIT;SEASHELLS;4982.0;1
379700;;;STARFRUIT;SEASHELLS;4977.0;2
379700;;;AMETHYSTS;SEASHELLS;9996.0;1
379800;;;AMETHYSTS;SEASHELLS;10002.0;1
379800;;;STARFRUIT;SEASHELLS;4984.0;1
380400;;;STARFRUIT;SEASHELLS;4977.0;1
380700;;;STARFRUIT;SEASHELLS;4983.0;1
381000;;;AMETHYSTS;SEASHELLS;10004.0;2
381100;;;STARFRUIT;SEASHELLS;4977.0;2
381200;;;AMETHYSTS;SEASHELLS;10004.0;1
381200;;;AMETHYSTS;SEASHELLS;10002.0;1
381200;;;STARFRUIT;SEASHELLS;4983.0;2
381200;;;AMETHYSTS;SEASHELLS;10004.0;1
381500;;;STARFRUIT;SEASHELLS;4981.0;1
381700;;;AMETHYSTS;SEASHELLS;10002.0;1
381800;;;STARFRUIT;SEASHELLS;4975.0;1
382200;;;STARFRUIT;SEASHELLS;4981.0;1
382600;;;STARFRUIT;SEASHELLS;4977.0;1
383000;;;STARFRUIT;SEASHELLS;4978.0;5
383000;;;STARFRUIT;SEASHELLS;4978.0;2
383200;;;STARFRUIT;SEASHELLS;4978.0;1
383300;;;STARFRUIT;SEASHELLS;4982.0;1
383300;;;AMETHYSTS;SEASHELLS;10002.0;1
383600;;;AMETHYSTS;SEASHELLS;9996.0;1
383600;;;STARFRUIT;SEASHELLS;4977.0;1
383800;;;STARFRUIT;SEASHELLS;4978.0;1
384000;;;AMETHYSTS;SEASHELLS;9996.0;2
384100;;;AMETHYSTS;SEASHELLS;9998.0;3
384200;;;AMETHYSTS;SEASHELLS;9996.0;1
384200;;;STARFRUIT;SEASHELLS;4979.0;2
384500;;;STARFRUIT;SEASHELLS;4985.0;1
384500;;;AMETHYSTS;SEASHELLS;10002.0;1
384600;;;AMETHYSTS;SEASHELLS;9998.0;1
384700;;;STARFRUIT;SEASHELLS;4979.0;10
385400;;;STARFRUIT;SEASHELLS;4978.0;1
385900;;;STARFRUIT;SEASHELLS;4978.0;13
386000;;;AMETHYSTS;SEASHELLS;9998.0;1
386000;;;STARFRUIT;SEASHELLS;4983.0;1
386500;;;AMETHYSTS;SEASHELLS;10002.0;3
386500;;;AMETHYSTS;SEASHELLS;10002.0;1
386500;;;STARFRUIT;SEASHELLS;4983.0;1
386600;;;AMETHYSTS;SEASHELLS;9996.0;1
386600;;;STARFRUIT;SEASHELLS;4977.0;1
386800;;;STARFRUIT;SEASHELLS;4981.0;2
387600;;;STARFRUIT;SEASHELLS;4976.0;1
387600;;;AMETHYSTS;SEASHELLS;9998.0;1
387700;;;AMETHYSTS;SEASHELLS;9995.0;2
387700;;;STARFRUIT;SEASHELLS;4981.0;1
387900;;;STARFRUIT;SEASHELLS;4982.0;1
387900;;;AMETHYSTS;SEASHELLS;10005.0;1
388500;;;STARFRUIT;SEASHELLS;4977.0;2
389000;;;STARFRUIT;SEASHELLS;4975.0;2
389000;;;AMETHYSTS;SEASHELLS;9996.0;2
389500;;;STARFRUIT;SEASHELLS;4975.0;1
389700;;;STARFRUIT;SEASHELLS;4976.0;2
389700;;;AMETHYSTS;SEASHELLS;9998.0;1
389700;;;STARFRUIT;SEASHELLS;4975.0;4
389800;;;AMETHYSTS;SEASHELLS;9996.0;1
389900;;;STARFRUIT;SEASHELLS;4978.0;4
389900;;;STARFRUIT;SEASHELLS;4978.0;1
390000;;;STARFRUIT;SEASHELLS;4977.0;2
390200;;;STARFRUIT;SEASHELLS;4974.0;1
390400;;;AMETHYSTS;SEASHELLS;10002.0;1
390400;;;STARFRUIT;SEASHELLS;4972.0;2
390400;;;STARFRUIT;SEASHELLS;4972.0;1
390500;;;STARFRUIT;SEASHELLS;4977.0;1
390700;;;AMETHYSTS;SEASHELLS;10002.0;1
390800;;;STARFRUIT;SEASHELLS;4971.0;1
391000;;;STARFRUIT;SEASHELLS;4978.0;1
391100;;;AMETHYSTS;SEASHELLS;9996.0;2
391200;;;STARFRUIT;SEASHELLS;4975.0;4
391900;;;STARFRUIT;SEASHELLS;4978.0;7
392000;;;STARFRUIT;SEASHELLS;4979.0;1
392100;;;STARFRUIT;SEASHELLS;4975.0;1
392300;;;AMETHYSTS;SEASHELLS;10005.0;2
392300;;;STARFRUIT;SEASHELLS;4980.0;10
392900;;;STARFRUIT;SEASHELLS;4978.0;7
393000;;;AMETHYSTS;SEASHELLS;9998.0;1
393100;;;AMETHYSTS;SEASHELLS;9998.0;1
393300;;;STARFRUIT;SEASHELLS;4979.0;2
393300;;;AMETHYSTS;SEASHELLS;10000.0;1
393300;;;AMETHYSTS;SEASHELLS;9998.0;1
393600;;;AMETHYSTS;SEASHELLS;9998.0;1
393800;;;STARFRUIT;SEASHELLS;4980.0;1
393900;;;STARFRUIT;SEASHELLS;4981.0;4
394300;;;STARFRUIT;SEASHELLS;4974.0;14
394500;;;AMETHYSTS;SEASHELLS;9996.0;1
394500;;;STARFRUIT;SEASHELLS;4974.0;1
394700;;;AMETHYSTS;SEASHELLS;10004.0;1
394700;;;STARFRUIT;SEASHELLS;4978.0;1
394900;;;AMETHYSTS;SEASHELLS;9998.0;1
395300;;;STARFRUIT;SEASHELLS;4980.0;14
396000;;;STARFRUIT;SEASHELLS;4979.0;10
396600;;;STARFRUIT;SEASHELLS;4977.0;1
396700;;;STARFRUIT;SEASHELLS;4971.0;2
396700;;;AMETHYSTS;SEASHELLS;9996.0;2
396800;;;AMETHYSTS;SEASHELLS;10002.0;2
397000;;;STARFRUIT;SEASHELLS;4977.0;1
397200;;;STARFRUIT;SEASHELLS;4972.0;1
397700;;;AMETHYSTS;SEASHELLS;10002.0;1
398000;;;STARFRUIT;SEASHELLS;4978.0;1
398300;;;STARFRUIT;SEASHELLS;4973.0;1
398500;;;STARFRUIT;SEASHELLS;4974.0;1
398500;;;STARFRUIT;SEASHELLS;4974.0;4
398700;;;STARFRUIT;SEASHELLS;4975.0;5
398800;;;STARFRUIT;SEASHELLS;4972.0;1
399200;;;AMETHYSTS;SEASHELLS;10002.0;3
400100;;;STARFRUIT;SEASHELLS;4977.0;1
400400;;;AMETHYSTS;SEASHELLS;9996.0;1
400400;;;STARFRUIT;SEASHELLS;4971.0;2
400500;;;AMETHYSTS;SEASHELLS;9998.0;1
400600;;;AMETHYSTS;SEASHELLS;10004.0;1
400600;;;STARFRUIT;SEASHELLS;4977.0;2
400600;;;AMETHYSTS;SEASHELLS;10004.0;1
400800;;;STARFRUIT;SEASHELLS;4972.0;1
400800;;;AMETHYSTS;SEASHELLS;10002.0;5
401500;;;AMETHYSTS;SEASHELLS;9998.0;8
401500;;;AMETHYSTS;SEASHELLS;9998.0;3
401600;;;AMETHYSTS;SEASHELLS;9998.0;1
402400;;;AMETHYSTS;SEASHELLS;9996.0;2
402500;;;STARFRUIT;SEASHELLS;4977.0;1
402600;;;STARFRUIT;SEASHELLS;4972.0;1
402800;;;AMETHYSTS;SEASHELLS;9998.0;1
403200;;;STARFRUIT;SEASHELLS;4973.0;7
403200;;;AMETHYSTS;SEASHELLS;10002.0;1
403200;;;STARFRUIT;SEASHELLS;4973.0;1
403200;;;STARFRUIT;SEASHELLS;4973.0;2
403800;;;AMETHYSTS;SEASHELLS;9998.0;1
403800;;;STARFRUIT;SEASHELLS;4974.0;1
403900;;;STARFRUIT;SEASHELLS;4979.0;1
404000;;;STARFRUIT;SEASHELLS;4974.0;1
404200;;;AMETHYSTS;SEASHELLS;10002.0;3
404900;;;AMETHYSTS;SEASHELLS;9998.0;2
404900;;;STARFRUIT;SEASHELLS;4974.0;2
405100;;;STARFRUIT;SEASHELLS;4974.0;1
405200;;;AMETHYSTS;SEASHELLS;9998.0;3
405900;;;AMETHYSTS;SEASHELLS;9998.0;1
406200;;;AMETHYSTS;SEASHELLS;10002.0;3
406600;;;STARFRUIT;SEASHELLS;4975.0;1
407200;;;STARFRUIT;SEASHELLS;4978.0;5
407500;;;AMETHYSTS;SEASHELLS;9995.0;1
407500;;;STARFRUIT;SEASHELLS;4979.0;1
407500;;;AMETHYSTS;SEASHELLS;9998.0;5
407500;;;AMETHYSTS;SEASHELLS;9998.0;1
407900;;;AMETHYSTS;SEASHELLS;9998.0;1
407900;;;STARFRUIT;SEASHELLS;4980.0;1
408100;;;STARFRUIT;SEASHELLS;4975.0;2
408600;;;AMETHYSTS;SEASHELLS;10002.0;1
409000;;;STARFRUIT;SEASHELLS;4979.0;1
409100;;;AMETHYSTS;SEASHELLS;9998.0;1
409100;;;STARFRUIT;SEASHELLS;4975.0;4
409200;;;STARFRUIT;SEASHELLS;4974.0;1
409200;;;AMETHYSTS;SEASHELLS;9998.0;1
410200;;;AMETHYSTS;SEASHELLS;9998.0;1
410600;;;AMETHYSTS;SEASHELLS;10004.0;2
410600;;;AMETHYSTS;SEASHELLS;10004.0;9
410700;;;AMETHYSTS;SEASHELLS;9998.0;1
410700;;;STARFRUIT;SEASHELLS;4981.0;2
410800;;;STARFRUIT;SEASHELLS;4977.0;1
411000;;;STARFRUIT;SEASHELLS;4978.0;1
411900;;;AMETHYSTS;SEASHELLS;9998.0;1
412000;;;AMETHYSTS;SEASHELLS;10002.0;3
412000;;;AMETHYSTS;SEASHELLS;10002.0;1
412100;;;AMETHYSTS;SEASHELLS;9998.0;1
412600;;;STARFRUIT;SEASHELLS;4985.0;1
412600;;;AMETHYSTS;SEASHELLS;9996.0;2
412700;;;STARFRUIT;SEASHELLS;4985.0;1
412900;;;AMETHYSTS;SEASHELLS;10004.0;1
413000;;;AMETHYSTS;SEASHELLS;10002.0;5
413100;;;AMETHYSTS;SEASHELLS;9995.0;2
413100;;;AMETHYSTS;SEASHELLS;10002.0;1
413100;;;STARFRUIT;SEASHELLS;4979.0;2
413300;;;AMETHYSTS;SEASHELLS;10002.0;1
413600;;;AMETHYSTS;SEASHELLS;10002.0;2
413600;;;STARFRUIT;SEASHELLS;4980.0;1
414000;;;AMETHYSTS;SEASHELLS;10004.0;2
414000;;;STARFRUIT;SEASHELLS;4983.0;1
414000;;;AMETHYSTS;SEASHELLS;9998.0;1
414000;;;AMETHYSTS;SEASHELLS;10005.0;1
414000;;;AMETHYSTS;SEASHELLS;10004.0;5
414400;;;STARFRUIT;SEASHELLS;4980.0;1
415100;;;STARFRUIT;SEASHELLS;4985.0;1
415100;;;AMETHYSTS;SEASHELLS;10002.0;8
415100;;;AMETHYSTS;SEASHELLS;10002.0;3
415800;;;AMETHYSTS;SEASHELLS;9995.0;6
416100;;;AMETHYSTS;SEASHELLS;9998.0;3
416100;;;AMETHYSTS;SEASHELLS;9998.0;2
416400;;;STARFRUIT;SEASHELLS;4980.0;2
416400;;;STARFRUIT;SEASHELLS;4980.0;6
416800;;;AMETHYSTS;SEASHELLS;10004.0;1
416800;;;STARFRUIT;SEASHELLS;4985.0;1
416900;;;STARFRUIT;SEASHELLS;4984.0;1
417600;;;STARFRUIT;SEASHELLS;4980.0;11
417600;;;STARFRUIT;SEASHELLS;4981.0;8
417800;;;STARFRUIT;SEASHELLS;4980.0;1
417800;;;AMETHYSTS;SEASHELLS;9996.0;1
417800;;;AMETHYSTS;SEASHELLS;9998.0;1
417900;;;AMETHYSTS;SEASHELLS;9998.0;1
418100;;;STARFRUIT;SEASHELLS;4980.0;1
418200;;;STARFRUIT;SEASHELLS;4980.0;1
418300;;;STARFRUIT;SEASHELLS;4980.0;1
418300;;;AMETHYSTS;SEASHELLS;10002.0;1
418500;;;AMETHYSTS;SEASHELLS;9998.0;1
418600;;;STARFRUIT;SEASHELLS;4986.0;2
418600;;;STARFRUIT;SEASHELLS;4986.0;4
418800;;;STARFRUIT;SEASHELLS;4985.0;1
418900;;;STARFRUIT;SEASHELLS;4980.0;1
418900;;;STARFRUIT;SEASHELLS;4981.0;6
419000;;;STARFRUIT;SEASHELLS;4986.0;1
420100;;;STARFRUIT;SEASHELLS;4987.0;1
420100;;;AMETHYSTS;SEASHELLS;10002.0;1
420200;;;AMETHYSTS;SEASHELLS;10005.0;11
420300;;;AMETHYSTS;SEASHELLS;10002.0;4
420500;;;STARFRUIT;SEASHELLS;4986.0;1
420600;;;AMETHYSTS;SEASHELLS;9996.0;1
420600;;;STARFRUIT;SEASHELLS;4982.0;1
421200;;;AMETHYSTS;SEASHELLS;10002.0;1
421300;;;STARFRUIT;SEASHELLS;4982.0;15
421500;;;AMETHYSTS;SEASHELLS;9998.0;1
421600;;;STARFRUIT;SEASHELLS;4988.0;1
421900;;;STARFRUIT;SEASHELLS;4988.0;3
421900;;;AMETHYSTS;SEASHELLS;10002.0;1
422200;;;STARFRUIT;SEASHELLS;4984.0;1
422700;;;STARFRUIT;SEASHELLS;4987.0;3
423200;;;STARFRUIT;SEASHELLS;4989.0;1
424000;;;AMETHYSTS;SEASHELLS;9998.0;5
424300;;;STARFRUIT;SEASHELLS;4985.0;1
424400;;;AMETHYSTS;SEASHELLS;9998.0;1
424400;;;AMETHYSTS;SEASHELLS;9998.0;9
424500;;;STARFRUIT;SEASHELLS;4985.0;1
424600;;;AMETHYSTS;SEASHELLS;10002.0;1
424600;;;AMETHYSTS;SEASHELLS;10004.0;1
424600;;;STARFRUIT;SEASHELLS;4991.0;1
424700;;;AMETHYSTS;SEASHELLS;10002.0;1
425000;;;STARFRUIT;SEASHELLS;4992.0;13
425000;;;STARFRUIT;SEASHELLS;4986.0;1
425000;;;AMETHYSTS;SEASHELLS;9996.0;1
425500;;;STARFRUIT;SEASHELLS;4985.0;7
425600;;;AMETHYSTS;SEASHELLS;9995.0;2
425600;;;AMETHYSTS;SEASHELLS;10002.0;1
425600;;;STARFRUIT;SEASHELLS;4985.0;2
425900;;;STARFRUIT;SEASHELLS;4986.0;1
426300;;;STARFRUIT;SEASHELLS;4992.0;5
426300;;;STARFRUIT;SEASHELLS;4992.0;2
426300;;;AMETHYSTS;SEASHELLS;9998.0;1
426400;;;AMETHYSTS;SEASHELLS;10002.0;5
426800;;;AMETHYSTS;SEASHELLS;9998.0;1
427200;;;AMETHYSTS;SEASHELLS;10002.0;1
427700;;;AMETHYSTS;SEASHELLS;9998.0;1
427700;;;STARFRUIT;SEASHELLS;4985.0;4
427700;;;STARFRUIT;SEASHELLS;4985.0;2
427800;;;STARFRUIT;SEASHELLS;4984.0;2
427800;;;AMETHYSTS;SEASHELLS;9996.0;2
428100;;;AMETHYSTS;SEASHELLS;10004.0;1
428100;;;STARFRUIT;SEASHELLS;4989.0;2
428200;;;STARFRUIT;SEASHELLS;4984.0;1
428300;;;STARFRUIT;SEASHELLS;4984.0;1
428600;;;STARFRUIT;SEASHELLS;4989.0;9
428700;;;AMETHYSTS;SEASHELLS;9995.0;11
428900;;;STARFRUIT;SEASHELLS;4989.0;1
429000;;;STARFRUIT;SEASHELLS;4985.0;2
429100;;;AMETHYSTS;SEASHELLS;10002.0;1
429600;;;STARFRUIT;SEASHELLS;4989.0;3
429600;;;STARFRUIT;SEASHELLS;4989.0;5
429800;;;AMETHYSTS;SEASHELLS;9998.0;1
429900;;;STARFRUIT;SEASHELLS;4985.0;4
430000;;;STARFRUIT;SEASHELLS;4983.0;12
430100;;;AMETHYSTS;SEASHELLS;10005.0;3
430500;;;AMETHYSTS;SEASHELLS;10002.0;1
431100;;;AMETHYSTS;SEASHELLS;10002.0;1
431100;;;AMETHYSTS;SEASHELLS;9998.0;5
431400;;;STARFRUIT;SEASHELLS;4989.0;1
431500;;;STARFRUIT;SEASHELLS;4987.0;1
431500;;;STARFRUIT;SEASHELLS;4987.0;1
431900;;;STARFRUIT;SEASHELLS;4983.0;1
431900;;;STARFRUIT;SEASHELLS;4990.0;13
432300;;;AMETHYSTS;SEASHELLS;10002.0;1
432700;;;AMETHYSTS;SEASHELLS;9998.0;1
432800;;;AMETHYSTS;SEASHELLS;9998.0;1
432800;;;AMETHYSTS;SEASHELLS;9998.0;1
433000;;;STARFRUIT;SEASHELLS;4984.0;4
433100;;;AMETHYSTS;SEASHELLS;10002.0;1
433200;;;STARFRUIT;SEASHELLS;4988.0;1
433300;;;AMETHYSTS;SEASHELLS;9998.0;1
433400;;;STARFRUIT;SEASHELLS;4988.0;1
433500;;;STARFRUIT;SEASHELLS;4982.0;14
433500;;;AMETHYSTS;SEASHELLS;10002.0;1
433900;;;STARFRUIT;SEASHELLS;4982.0;14
434000;;;AMETHYSTS;SEASHELLS;9998.0;8
434200;;;STARFRUIT;SEASHELLS;4983.0;1
434500;;;STARFRUIT;SEASHELLS;4988.0;1
434800;;;AMETHYSTS;SEASHELLS;10002.0;1
435200;;;STARFRUIT;SEASHELLS;4988.0;1
435400;;;AMETHYSTS;SEASHELLS;9995.0;6
436200;;;STARFRUIT;SEASHELLS;4990.0;2
436200;;;STARFRUIT;SEASHELLS;4990.0;1
436300;;;STARFRUIT;SEASHELLS;4987.0;1
436300;;;STARFRUIT;SEASHELLS;4987.0;2
436400;;;STARFRUIT;SEASHELLS;4990.0;1
436800;;;STARFRUIT;SEASHELLS;4985.0;8
436900;;;STARFRUIT;SEASHELLS;4985.0;8
437200;;;AMETHYSTS;SEASHELLS;10004.0;1
437200;;;STARFRUIT;SEASHELLS;4992.0;1
437400;;;AMETHYSTS;SEASHELLS;9998.0;2
437900;;;STARFRUIT;SEASHELLS;4985.0;1
438300;;;STARFRUIT;SEASHELLS;4990.0;9
438400;;;AMETHYSTS;SEASHELLS;10004.0;1
438400;;;STARFRUIT;SEASHELLS;4991.0;1
438800;;;AMETHYSTS;SEASHELLS;10002.0;1
439200;;;STARFRUIT;SEASHELLS;4986.0;4
439300;;;AMETHYSTS;SEASHELLS;9996.0;1
439300;;;STARFRUIT;SEASHELLS;4989.0;1
439400;;;STARFRUIT;SEASHELLS;4985.0;1
439700;;;AMETHYSTS;SEASHELLS;10002.0;1
439800;;;AMETHYSTS;SEASHELLS;9996.0;7
439800;;;AMETHYSTS;SEASHELLS;9996.0;1
439900;;;AMETHYSTS;SEASHELLS;10002.0;2
440100;;;STARFRUIT;SEASHELLS;4989.0;1
440300;;;AMETHYSTS;SEASHELLS;10004.0;1
440300;;;AMETHYSTS;SEASHELLS;10004.0;4
440300;;;STARFRUIT;SEASHELLS;4989.0;1
440600;;;STARFRUIT;SEASHELLS;4984.0;1
440700;;;AMETHYSTS;SEASHELLS;9996.0;2
440700;;;STARFRUIT;SEASHELLS;4989.0;1
440900;;;STARFRUIT;SEASHELLS;4984.0;1
441200;;;STARFRUIT;SEASHELLS;4983.0;2
441200;;;AMETHYSTS;SEASHELLS;10002.0;1
441200;;;AMETHYSTS;SEASHELLS;10002.0;1
442100;;;STARFRUIT;SEASHELLS;4984.0;1
442100;;;AMETHYSTS;SEASHELLS;10004.0;2
442100;;;AMETHYSTS;SEASHELLS;10004.0;1
442100;;;AMETHYSTS;SEASHELLS;10004.0;3
442300;;;STARFRUIT;SEASHELLS;4987.0;1
442300;;;AMETHYSTS;SEASHELLS;10002.0;1
442400;;;STARFRUIT;SEASHELLS;4982.0;1
442500;;;STARFRUIT;SEASHELLS;4984.0;3
442500;;;AMETHYSTS;SEASHELLS;9998.0;1
442900;;;STARFRUIT;SEASHELLS;4987.0;3
442900;;;AMETHYSTS;SEASHELLS;9998.0;1
443000;;;AMETHYSTS;SEASHELLS;10004.0;2
443100;;;AMETHYSTS;SEASHELLS;10002.0;1
443300;;;AMETHYSTS;SEASHELLS;10002.0;3
443500;;;STARFRUIT;SEASHELLS;4983.0;2
443500;;;AMETHYSTS;SEASHELLS;10002.0;1
444100;;;AMETHYSTS;SEASHELLS;9998.0;1
444100;;;AMETHYSTS;SEASHELLS;9996.0;1
444100;;;STARFRUIT;SEASHELLS;4982.0;2
444100;;;AMETHYSTS;SEASHELLS;9996.0;1
444200;;;AMETHYSTS;SEASHELLS;9998.0;1
444400;;;STARFRUIT;SEASHELLS;4982.0;1
444400;;;AMETHYSTS;SEASHELLS;10002.0;1
444500;;;AMETHYSTS;SEASHELLS;9998.0;1
444500;;;STARFRUIT;SEASHELLS;4982.0;1
444600;;;STARFRUIT;SEASHELLS;4986.0;5
444700;;;AMETHYSTS;SEASHELLS;9998.0;1
444700;;;STARFRUIT;SEASHELLS;4982.0;9
444900;;;AMETHYSTS;SEASHELLS;9998.0;1
444900;;;STARFRUIT;SEASHELLS;4982.0;1
445300;;;AMETHYSTS;SEASHELLS;9998.0;1
445400;;;STARFRUIT;SEASHELLS;4988.0;1
445600;;;AMETHYSTS;SEASHELLS;9998.0;1
446200;;;STARFRUIT;SEASHELLS;4982.0;1
446600;;;AMETHYSTS;SEASHELLS;9998.0;1
447000;;;AMETHYSTS;SEASHELLS;10002.0;1
447400;;;STARFRUIT;SEASHELLS;4982.0;1
447400;;;AMETHYSTS;SEASHELLS;10002.0;4
447700;;;STARFRUIT;SEASHELLS;4986.0;1
448300;;;STARFRUIT;SEASHELLS;4986.0;1
448500;;;AMETHYSTS;SEASHELLS;10005.0;2
448500;;;STARFRUIT;SEASHELLS;4987.0;2
448700;;;AMETHYSTS;SEASHELLS;10002.0;1
448800;;;AMETHYSTS;SEASHELLS;10002.0;1
448800;;;AMETHYSTS;SEASHELLS;10002.0;5
448900;;;STARFRUIT;SEASHELLS;4980.0;1
449400;;;AMETHYSTS;SEASHELLS;10002.0;3
449400;;;AMETHYSTS;SEASHELLS;10002.0;1
450000;;;STARFRUIT;SEASHELLS;4984.0;1
450100;;;STARFRUIT;SEASHELLS;4979.0;2
450100;;;AMETHYSTS;SEASHELLS;9995.0;2
450300;;;STARFRUIT;SEASHELLS;4985.0;2
450400;;;AMETHYSTS;SEASHELLS;10002.0;1
450400;;;STARFRUIT;SEASHELLS;4986.0;1
450500;;;STARFRUIT;SEASHELLS;4983.0;1
450800;;;AMETHYSTS;SEASHELLS;9996.0;2
451000;;;STARFRUIT;SEASHELLS;4979.0;1
451100;;;STARFRUIT;SEASHELLS;4978.0;1
451200;;;STARFRUIT;SEASHELLS;4982.0;5
451300;;;STARFRUIT;SEASHELLS;4983.0;1
451300;;;AMETHYSTS;SEASHELLS;9998.0;1
451400;;;STARFRUIT;SEASHELLS;4981.0;6
451600;;;AMETHYSTS;SEASHELLS;10002.0;1
451800;;;AMETHYSTS;SEASHELLS;9996.0;7
451800;;;AMETHYSTS;SEASHELLS;9996.0;1
451900;;;AMETHYSTS;SEASHELLS;10004.0;2
451900;;;AMETHYSTS;SEASHELLS;10004.0;9
452200;;;AMETHYSTS;SEASHELLS;9998.0;1
452200;;;AMETHYSTS;SEASHELLS;9998.0;2
452500;;;AMETHYSTS;SEASHELLS;9998.0;1
452600;;;STARFRUIT;SEASHELLS;4979.0;1
453200;;;AMETHYSTS;SEASHELLS;9998.0;1
453300;;;STARFRUIT;SEASHELLS;4983.0;6
453300;;;STARFRUIT;SEASHELLS;4983.0;2
453600;;;STARFRUIT;SEASHELLS;4983.0;8
453800;;;STARFRUIT;SEASHELLS;4980.0;3
453900;;;AMETHYSTS;SEASHELLS;10002.0;1
454300;;;AMETHYSTS;SEASHELLS;9998.0;1
454300;;;STARFRUIT;SEASHELLS;4983.0;12
454500;;;AMETHYSTS;SEASHELLS;9996.0;1
454500;;;STARFRUIT;SEASHELLS;4976.0;1
454800;;;STARFRUIT;SEASHELLS;4982.0;2
454800;;;AMETHYSTS;SEASHELLS;10004.0;2
455500;;;STARFRUIT;SEASHELLS;4975.0;1
455600;;;STARFRUIT;SEASHELLS;4975.0;1
455600;;;AMETHYSTS;SEASHELLS;9996.0;1
456000;;;AMETHYSTS;SEASHELLS;10004.0;1
456100;;;STARFRUIT;SEASHELLS;4975.0;1
456400;;;AMETHYSTS;SEASHELLS;9998.0;1
456600;;;STARFRUIT;SEASHELLS;4977.0;3
456700;;;AMETHYSTS;SEASHELLS;10002.0;1
456700;;;STARFRUIT;SEASHELLS;4982.0;11
456900;;;AMETHYSTS;SEASHELLS;10002.0;4
456900;;;AMETHYSTS;SEASHELLS;10002.0;1
457500;;;STARFRUIT;SEASHELLS;4980.0;9
458000;;;STARFRUIT;SEASHELLS;4977.0;5
458400;;;AMETHYSTS;SEASHELLS;10004.0;6
458400;;;AMETHYSTS;SEASHELLS;10004.0;1
458500;;;AMETHYSTS;SEASHELLS;10002.0;1
458500;;;STARFRUIT;SEASHELLS;4976.0;7
458500;;;STARFRUIT;SEASHELLS;4976.0;1
458600;;;STARFRUIT;SEASHELLS;4976.0;1
458800;;;AMETHYSTS;SEASHELLS;10002.0;1
459000;;;AMETHYSTS;SEASHELLS;9998.0;1
459200;;;STARFRUIT;SEASHELLS;4980.0;1
459300;;;STARFRUIT;SEASHELLS;4975.0;13
459300;;;STARFRUIT;SEASHELLS;4976.0;1
459600;;;STARFRUIT;SEASHELLS;4981.0;1
459600;;;STARFRUIT;SEASHELLS;4975.0;1
459700;;;AMETHYSTS;SEASHELLS;10002.0;1
459700;;;STARFRUIT;SEASHELLS;4979.0;3
459900;;;STARFRUIT;SEASHELLS;4975.0;7
460100;;;AMETHYSTS;SEASHELLS;10002.0;3
460100;;;STARFRUIT;SEASHELLS;4979.0;8
460100;;;STARFRUIT;SEASHELLS;4979.0;4
460200;;;STARFRUIT;SEASHELLS;4974.0;1
460200;;;STARFRUIT;SEASHELLS;4974.0;9
460400;;;STARFRUIT;SEASHELLS;4979.0;2
460400;;;STARFRUIT;SEASHELLS;4979.0;5
461100;;;STARFRUIT;SEASHELLS;4975.0;1
461400;;;AMETHYSTS;SEASHELLS;10002.0;5
461700;;;AMETHYSTS;SEASHELLS;9998.0;2
462100;;;AMETHYSTS;SEASHELLS;9998.0;3
462100;;;STARFRUIT;SEASHELLS;4975.0;2
462100;;;AMETHYSTS;SEASHELLS;9998.0;1
462200;;;AMETHYSTS;SEASHELLS;10002.0;1
462300;;;STARFRUIT;SEASHELLS;4974.0;10
462300;;;AMETHYSTS;SEASHELLS;10002.0;1
462600;;;STARFRUIT;SEASHELLS;4974.0;1
463200;;;AMETHYSTS;SEASHELLS;10002.0;1
463300;;;STARFRUIT;SEASHELLS;4975.0;8
463700;;;STARFRUIT;SEASHELLS;4979.0;1
463800;;;STARFRUIT;SEASHELLS;4979.0;1
463900;;;AMETHYSTS;SEASHELLS;10005.0;7
463900;;;AMETHYSTS;SEASHELLS;10002.0;1
464100;;;STARFRUIT;SEASHELLS;4974.0;1
464100;;;AMETHYSTS;SEASHELLS;9996.0;1
464500;;;AMETHYSTS;SEASHELLS;10000.0;1
464500;;;STARFRUIT;SEASHELLS;4977.0;1
464700;;;AMETHYSTS;SEASHELLS;10002.0;2
464900;;;STARFRUIT;SEASHELLS;4980.0;11
464900;;;AMETHYSTS;SEASHELLS;9998.0;1
465000;;;STARFRUIT;SEASHELLS;4974.0;1
465000;;;AMETHYSTS;SEASHELLS;10002.0;3
465200;;;STARFRUIT;SEASHELLS;4975.0;2
465200;;;AMETHYSTS;SEASHELLS;10004.0;2
465300;;;AMETHYSTS;SEASHELLS;10002.0;1
465500;;;STARFRUIT;SEASHELLS;4979.0;1
465500;;;AMETHYSTS;SEASHELLS;10004.0;5
465500;;;AMETHYSTS;SEASHELLS;10004.0;1
465600;;;STARFRUIT;SEASHELLS;4974.0;1
466100;;;AMETHYSTS;SEASHELLS;10002.0;1
466200;;;STARFRUIT;SEASHELLS;4975.0;2
466200;;;AMETHYSTS;SEASHELLS;9996.0;2
466800;;;STARFRUIT;SEASHELLS;4974.0;1
467100;;;STARFRUIT;SEASHELLS;4979.0;1
467100;;;STARFRUIT;SEASHELLS;4978.0;2
467600;;;AMETHYSTS;SEASHELLS;9995.0;10
468000;;;STARFRUIT;SEASHELLS;4975.0;1
468000;;;AMETHYSTS;SEASHELLS;9998.0;1
468300;;;STARFRUIT;SEASHELLS;4981.0;1
468500;;;STARFRUIT;SEASHELLS;4981.0;1
469100;;;AMETHYSTS;SEASHELLS;10004.0;2
469100;;;STARFRUIT;SEASHELLS;4984.0;2
469200;;;STARFRUIT;SEASHELLS;4978.0;11
469400;;;AMETHYSTS;SEASHELLS;9998.0;1
469600;;;STARFRUIT;SEASHELLS;4983.0;2
469600;;;AMETHYSTS;SEASHELLS;10004.0;2
469600;;;STARFRUIT;SEASHELLS;4981.0;1
469600;;;STARFRUIT;SEASHELLS;4982.0;2
469600;;;STARFRUIT;SEASHELLS;4982.0;4
469900;;;STARFRUIT;SEASHELLS;4977.0;5
470100;;;STARFRUIT;SEASHELLS;4976.0;1
470300;;;STARFRUIT;SEASHELLS;4983.0;1
470800;;;STARFRUIT;SEASHELLS;4985.0;2
470800;;;AMETHYSTS;SEASHELLS;10004.0;1
471000;;;STARFRUIT;SEASHELLS;4980.0;3
471100;;;AMETHYSTS;SEASHELLS;10002.0;1
471200;;;STARFRUIT;SEASHELLS;4984.0;1
471500;;;STARFRUIT;SEASHELLS;4980.0;1
471600;;;STARFRUIT;SEASHELLS;4986.0;1
471600;;;AMETHYSTS;SEASHELLS;10004.0;1
471600;;;STARFRUIT;SEASHELLS;4980.0;1
471900;;;AMETHYSTS;SEASHELLS;9998.0;4
472000;;;AMETHYSTS;SEASHELLS;9998.0;1
472000;;;STARFRUIT;SEASHELLS;4980.0;1
472100;;;STARFRUIT;SEASHELLS;4987.0;2
472100;;;AMETHYSTS;SEASHELLS;10005.0;2
472200;;;AMETHYSTS;SEASHELLS;9998.0;2
472300;;;STARFRUIT;SEASHELLS;4983.0;3
472500;;;STARFRUIT;SEASHELLS;4983.0;6
472800;;;STARFRUIT;SEASHELLS;4980.0;1
472900;;;STARFRUIT;SEASHELLS;4980.0;1
473600;;;STARFRUIT;SEASHELLS;4983.0;4
473600;;;AMETHYSTS;SEASHELLS;10002.0;1
473700;;;STARFRUIT;SEASHELLS;4981.0;1
474000;;;STARFRUIT;SEASHELLS;4987.0;1
474100;;;AMETHYSTS;SEASHELLS;10005.0;11
474300;;;AMETHYSTS;SEASHELLS;9998.0;1
474500;;;STARFRUIT;SEASHELLS;4987.0;1
474900;;;STARFRUIT;SEASHELLS;4982.0;1
475100;;;STARFRUIT;SEASHELLS;4988.0;1
475400;;;STARFRUIT;SEASHELLS;4989.0;2
475400;;;STARFRUIT;SEASHELLS;4989.0;2
475900;;;STARFRUIT;SEASHELLS;4990.0;15
476100;;;STARFRUIT;SEASHELLS;4983.0;1
476300;;;STARFRUIT;SEASHELLS;4983.0;1
476300;;;STARFRUIT;SEASHELLS;4982.0;6
476400;;;AMETHYSTS;SEASHELLS;10005.0;2
476500;;;STARFRUIT;SEASHELLS;4986.0;5
477000;;;STARFRUIT;SEASHELLS;4988.0;1
477000;;;AMETHYSTS;SEASHELLS;10002.0;5
477500;;;STARFRUIT;SEASHELLS;4981.0;2
477500;;;AMETHYSTS;SEASHELLS;9996.0;1
477500;;;AMETHYSTS;SEASHELLS;9998.0;5
477500;;;AMETHYSTS;SEASHELLS;9996.0;1
477600;;;AMETHYSTS;SEASHELLS;10002.0;1
477900;;;STARFRUIT;SEASHELLS;4986.0;3
477900;;;AMETHYSTS;SEASHELLS;10000.0;2
477900;;;STARFRUIT;SEASHELLS;4986.0;2
478000;;;STARFRUIT;SEASHELLS;4987.0;1
478200;;;STARFRUIT;SEASHELLS;4987.0;1
478300;;;STARFRUIT;SEASHELLS;4982.0;1
478400;;;STARFRUIT;SEASHELLS;4982.0;1
478500;;;AMETHYSTS;SEASHELLS;10002.0;2
478600;;;AMETHYSTS;SEASHELLS;9998.0;2
478900;;;STARFRUIT;SEASHELLS;4983.0;1
478900;;;AMETHYSTS;SEASHELLS;9996.0;1
479000;;;AMETHYSTS;SEASHELLS;10002.0;1
479400;;;AMETHYSTS;SEASHELLS;9998.0;1
479600;;;STARFRUIT;SEASHELLS;4987.0;11
479600;;;STARFRUIT;SEASHELLS;4987.0;2
479600;;;AMETHYSTS;SEASHELLS;9996.0;6
479600;;;AMETHYSTS;SEASHELLS;9996.0;2
479800;;;STARFRUIT;SEASHELLS;4987.0;1
479800;;;AMETHYSTS;SEASHELLS;10002.0;5
480000;;;STARFRUIT;SEASHELLS;4987.0;6
480300;;;STARFRUIT;SEASHELLS;4988.0;1
480700;;;STARFRUIT;SEASHELLS;4983.0;1
481300;;;STARFRUIT;SEASHELLS;4983.0;1
481700;;;AMETHYSTS;SEASHELLS;9998.0;1
481800;;;STARFRUIT;SEASHELLS;4982.0;11
482300;;;STARFRUIT;SEASHELLS;4982.0;1
482500;;;AMETHYSTS;SEASHELLS;9998.0;1
482600;;;AMETHYSTS;SEASHELLS;9998.0;5
482600;;;AMETHYSTS;SEASHELLS;9998.0;2
482700;;;AMETHYSTS;SEASHELLS;10002.0;5
482800;;;STARFRUIT;SEASHELLS;4987.0;1
483300;;;AMETHYSTS;SEASHELLS;10004.0;1
483300;;;STARFRUIT;SEASHELLS;4989.0;1
483500;;;STARFRUIT;SEASHELLS;4988.0;1
484000;;;STARFRUIT;SEASHELLS;4989.0;1
484200;;;STARFRUIT;SEASHELLS;4990.0;1
484400;;;STARFRUIT;SEASHELLS;4991.0;1
484800;;;STARFRUIT;SEASHELLS;4986.0;2
484800;;;AMETHYSTS;SEASHELLS;9996.0;2
484900;;;AMETHYSTS;SEASHELLS;9996.0;1
484900;;;STARFRUIT;SEASHELLS;4987.0;2
485500;;;STARFRUIT;SEASHELLS;4987.0;2
485500;;;AMETHYSTS;SEASHELLS;9998.0;1
485500;;;AMETHYSTS;SEASHELLS;9996.0;2
485700;;;STARFRUIT;SEASHELLS;4993.0;2
485900;;;AMETHYSTS;SEASHELLS;9996.0;1
485900;;;STARFRUIT;SEASHELLS;4987.0;1
486200;;;STARFRUIT;SEASHELLS;4992.0;10
486700;;;STARFRUIT;SEASHELLS;4993.0;1
486800;;;STARFRUIT;SEASHELLS;4994.0;1
487000;;;STARFRUIT;SEASHELLS;4990.0;1
487200;;;AMETHYSTS;SEASHELLS;10004.0;1
487200;;;AMETHYSTS;SEASHELLS;10004.0;2
487300;;;STARFRUIT;SEASHELLS;4990.0;1
487500;;;AMETHYSTS;SEASHELLS;9996.0;2
487700;;;AMETHYSTS;SEASHELLS;9996.0;1
487700;;;STARFRUIT;SEASHELLS;4997.0;1
487700;;;AMETHYSTS;SEASHELLS;9996.0;2
488200;;;AMETHYSTS;SEASHELLS;10005.0;2
488200;;;STARFRUIT;SEASHELLS;4998.0;2
488200;;;AMETHYSTS;SEASHELLS;10002.0;1
488500;;;STARFRUIT;SEASHELLS;4996.0;1
489200;;;STARFRUIT;SEASHELLS;4992.0;3
489600;;;STARFRUIT;SEASHELLS;4996.0;11
489800;;;STARFRUIT;SEASHELLS;4989.0;1
490000;;;AMETHYSTS;SEASHELLS;10002.0;1
490400;;;STARFRUIT;SEASHELLS;4988.0;1
490400;;;AMETHYSTS;SEASHELLS;9995.0;1
490800;;;AMETHYSTS;SEASHELLS;10002.0;1
490800;;;AMETHYSTS;SEASHELLS;10002.0;3
491000;;;STARFRUIT;SEASHELLS;4994.0;1
491000;;;AMETHYSTS;SEASHELLS;9998.0;1
491300;;;AMETHYSTS;SEASHELLS;10002.0;1
491400;;;STARFRUIT;SEASHELLS;4992.0;6
492300;;;STARFRUIT;SEASHELLS;4990.0;1
492300;;;STARFRUIT;SEASHELLS;4990.0;6
492300;;;STARFRUIT;SEASHELLS;4994.0;1
492400;;;STARFRUIT;SEASHELLS;4989.0;1
492800;;;STARFRUIT;SEASHELLS;4989.0;2
