timestamp;buyer;seller;symbol;currency;price;quantity
100;;;STARFRUIT;SEASHELLS;5041.0;4
100;;;AMETHYSTS;SEASHELLS;10002.0;1
300;;;AMETHYSTS;SEASHELLS;9998.0;2
300;;;AMETHYSTS;SEASHELLS;9998.0;1
300;;;STARFRUIT;SEASHELLS;5037.0;6
500;;;STARFRUIT;SEASHELLS;5044.0;1
500;;;AMETHYSTS;SEASHELLS;10004.0;1
500;;;AMETHYSTS;SEASHELLS;10002.0;1
1300;;;STARFRUIT;SEASHELLS;5040.0;2
1400;;;STARFRUIT;SEASHELLS;5036.0;1
1500;;;STARFRUIT;SEASHELLS;5041.0;1
1500;;;AMETHYSTS;SEASHELLS;10002.0;1
1700;;;AMETHYSTS;SEASHELLS;10005.0;6
2400;;;STARFRUIT;SEASHELLS;5042.0;10
2700;;;AMETHYSTS;SEASHELLS;9998.0;5
2800;;;STARFRUIT;SEASHELLS;5041.0;1
2900;;;AMETHYSTS;SEASHELLS;9998.0;1
3100;;;STARFRUIT;SEASHELLS;5035.0;1
3300;;;AMETHYSTS;SEASHELLS;9996.0;2
3300;;;AMETHYSTS;SEASHELLS;9996.0;2
3700;;;STARFRUIT;SEASHELLS;5040.0;1
3700;;;STARFRUIT;SEASHELLS;5037.0;4
3800;;;STARFRUIT;SEASHELLS;5034.0;11
4200;;;STARFRUIT;SEASHELLS;5035.0;2
4200;;;STARFRUIT;SEASHELLS;5035.0;3
4300;;;AMETHYSTS;SEASHELLS;9996.0;1
4300;;;AMETHYSTS;SEASHELLS;9996.0;2
4300;;;AMETHYSTS;SEASHELLS;9995.0;1
4300;;;STARFRUIT;SEASHELLS;5035.0;1
4400;;;STARFRUIT;SEASHELLS;5035.0;1
4400;;;AMETHYSTS;SEASHELLS;9998.0;1
4800;;;AMETHYSTS;SEASHELLS;10002.0;3
4800;;;STARFRUIT;SEASHELLS;5039.0;1
4900;;;AMETHYSTS;SEASHELLS;9998.0;1
4900;;;AMETHYSTS;SEASHELLS;9998.0;4
5400;;;STARFRUIT;SEASHELLS;5035.0;6
6700;;;AMETHYSTS;SEASHELLS;10002.0;4
6800;;;STARFRUIT;SEASHELLS;5030.0;2
6800;;;AMETHYSTS;SEASHELLS;9996.0;1
6800;;;AMETHYSTS;SEASHELLS;9996.0;1
6800;;;AMETHYSTS;SEASHELLS;9998.0;1
6900;;;STARFRUIT;SEASHELLS;5035.0;1
7200;;;AMETHYSTS;SEASHELLS;10004.0;1
7200;;;STARFRUIT;SEASHELLS;5036.0;1
7300;;;STARFRUIT;SEASHELLS;5030.0;15
7400;;;AMETHYSTS;SEASHELLS;10002.0;1
7700;;;STARFRUIT;SEASHELLS;5035.0;1
7700;;;STARFRUIT;SEASHELLS;5036.0;1
7700;;;AMETHYSTS;SEASHELLS;10005.0;1
7800;;;STARFRUIT;SEASHELLS;5036.0;1
7900;;;STARFRUIT;SEASHELLS;5035.0;1
7900;;;AMETHYSTS;SEASHELLS;10002.0;1
8100;;;STARFRUIT;SEASHELLS;5037.0;14
8200;;;AMETHYSTS;SEASHELLS;9998.0;1
8300;;;STARFRUIT;SEASHELLS;5037.0;11
8900;;;AMETHYSTS;SEASHELLS;10002.0;5
9300;;;STARFRUIT;SEASHELLS;5034.0;4
9600;;;STARFRUIT;SEASHELLS;5034.0;1
9600;;;STARFRUIT;SEASHELLS;5034.0;1
10100;;;STARFRUIT;SEASHELLS;5033.0;4
10300;;;STARFRUIT;SEASHELLS;5035.0;2
10300;;;AMETHYSTS;SEASHELLS;10004.0;2
10600;;;AMETHYSTS;SEASHELLS;9998.0;1
10600;;;AMETHYSTS;SEASHELLS;9998.0;1
10700;;;STARFRUIT;SEASHELLS;5029.0;6
10800;;;AMETHYSTS;SEASHELLS;10002.0;1
10800;;;STARFRUIT;SEASHELLS;5029.0;1
11100;;;AMETHYSTS;SEASHELLS;9996.0;2
11300;;;STARFRUIT;SEASHELLS;5034.0;6
11400;;;AMETHYSTS;SEASHELLS;9998.0;1
12000;;;STARFRUIT;SEASHELLS;5032.0;15
12100;;;STARFRUIT;SEASHELLS;5026.0;2
12100;;;AMETHYSTS;SEASHELLS;10002.0;1
12300;;;AMETHYSTS;SEASHELLS;10002.0;1
12500;;;AMETHYSTS;SEASHELLS;10002.0;5
13300;;;STARFRUIT;SEASHELLS;5034.0;1
13600;;;STARFRUIT;SEASHELLS;5033.0;5
13700;;;AMETHYSTS;SEASHELLS;9998.0;1
14000;;;STARFRUIT;SEASHELLS;5035.0;1
14000;;;AMETHYSTS;SEASHELLS;9996.0;1
14300;;;STARFRUIT;SEASHELLS;5029.0;1
14500;;;STARFRUIT;SEASHELLS;5029.0;1
14500;;;STARFRUIT;SEASHELLS;5032.0;2
14800;;;STARFRUIT;SEASHELLS;5029.0;1
15000;;;STARFRUIT;SEASHELLS;5029.0;1
15100;;;STARFRUIT;SEASHELLS;5033.0;1
15100;;;AMETHYSTS;SEASHELLS;10002.0;1
15200;;;STARFRUIT;SEASHELLS;5029.0;7
15400;;;AMETHYSTS;SEASHELLS;10002.0;1
15400;;;STARFRUIT;SEASHELLS;5033.0;1
15500;;;STARFRUIT;SEASHELLS;5028.0;4
15500;;;STARFRUIT;SEASHELLS;5033.0;1
15800;;;STARFRUIT;SEASHELLS;5028.0;11
15800;;;AMETHYSTS;SEASHELLS;9998.0;4
16200;;;STARFRUIT;SEASHELLS;5033.0;1
16700;;;STARFRUIT;SEASHELLS;5028.0;1
16800;;;STARFRUIT;SEASHELLS;5035.0;2
16800;;;AMETHYSTS;SEASHELLS;10002.0;2
17100;;;STARFRUIT;SEASHELLS;5028.0;1
17300;;;AMETHYSTS;SEASHELLS;9998.0;1
18000;;;STARFRUIT;SEASHELLS;5030.0;5
18200;;;STARFRUIT;SEASHELLS;5033.0;1
18600;;;AMETHYSTS;SEASHELLS;10002.0;1
18700;;;STARFRUIT;SEASHELLS;5033.0;3
18700;;;STARFRUIT;SEASHELLS;5033.0;5
18700;;;STARFRUIT;SEASHELLS;5033.0;12
18900;;;STARFRUIT;SEASHELLS;5036.0;2
18900;;;AMETHYSTS;SEASHELLS;10004.0;1
19000;;;STARFRUIT;SEASHELLS;5034.0;2
19000;;;STARFRUIT;SEASHELLS;5030.0;1
20100;;;STARFRUIT;SEASHELLS;5039.0;10
20100;;;AMETHYSTS;SEASHELLS;9998.0;1
20100;;;STARFRUIT;SEASHELLS;5039.0;2
20500;;;STARFRUIT;SEASHELLS;5037.0;10
20600;;;STARFRUIT;SEASHELLS;5040.0;1
20600;;;AMETHYSTS;SEASHELLS;10004.0;1
20800;;;STARFRUIT;SEASHELLS;5039.0;1
20900;;;AMETHYSTS;SEASHELLS;10004.0;1
21100;;;STARFRUIT;SEASHELLS;5034.0;2
21100;;;AMETHYSTS;SEASHELLS;9998.0;1
21100;;;AMETHYSTS;SEASHELLS;9998.0;1
21600;;;AMETHYSTS;SEASHELLS;10002.0;1
21600;;;STARFRUIT;SEASHELLS;5035.0;1
21900;;;AMETHYSTS;SEASHELLS;9996.0;1
21900;;;STARFRUIT;SEASHELLS;5036.0;1
22000;;;STARFRUIT;SEASHELLS;5038.0;2
22000;;;AMETHYSTS;SEASHELLS;10000.0;2
22000;;;STARFRUIT;SEASHELLS;5036.0;1
22100;;;AMETHYSTS;SEASHELLS;9996.0;1
22100;;;STARFRUIT;SEASHELLS;5035.0;1
22400;;;AMETHYSTS;SEASHELLS;10002.0;2
22400;;;AMETHYSTS;SEASHELLS;10002.0;1
22500;;;AMETHYSTS;SEASHELLS;10002.0;6
22700;;;STARFRUIT;SEASHELLS;5043.0;9
23200;;;AMETHYSTS;SEASHELLS;9998.0;1
23300;;;STARFRUIT;SEASHELLS;5041.0;2
23700;;;STARFRUIT;SEASHELLS;5044.0;5
23900;;;STARFRUIT;SEASHELLS;5042.0;1
24200;;;AMETHYSTS;SEASHELLS;9998.0;1
24300;;;AMETHYSTS;SEASHELLS;10002.0;1
24300;;;AMETHYSTS;SEASHELLS;10002.0;5
24500;;;AMETHYSTS;SEASHELLS;9998.0;1
24500;;;AMETHYSTS;SEASHELLS;9998.0;1
24500;;;STARFRUIT;SEASHELLS;5037.0;1
24700;;;AMETHYSTS;SEASHELLS;10004.0;1
24700;;;STARFRUIT;SEASHELLS;5044.0;1
25100;;;STARFRUIT;SEASHELLS;5043.0;2
25100;;;AMETHYSTS;SEASHELLS;10005.0;2
25300;;;AMETHYSTS;SEASHELLS;9996.0;1
25300;;;STARFRUIT;SEASHELLS;5036.0;1
25400;;;STARFRUIT;SEASHELLS;5042.0;1
25400;;;AMETHYSTS;SEASHELLS;10004.0;1
26500;;;STARFRUIT;SEASHELLS;5043.0;1
26500;;;AMETHYSTS;SEASHELLS;10002.0;2
26500;;;STARFRUIT;SEASHELLS;5044.0;1
26500;;;STARFRUIT;SEASHELLS;5044.0;1
26600;;;AMETHYSTS;SEASHELLS;10002.0;3
26700;;;STARFRUIT;SEASHELLS;5041.0;2
26900;;;AMETHYSTS;SEASHELLS;9998.0;1
27400;;;AMETHYSTS;SEASHELLS;10004.0;1
27600;;;AMETHYSTS;SEASHELLS;9998.0;1
27700;;;STARFRUIT;SEASHELLS;5042.0;3
27700;;;AMETHYSTS;SEASHELLS;9996.0;2
27700;;;AMETHYSTS;SEASHELLS;9996.0;4
27900;;;AMETHYSTS;SEASHELLS;9998.0;4
28000;;;AMETHYSTS;SEASHELLS;10002.0;1
28000;;;STARFRUIT;SEASHELLS;5045.0;1
28100;;;STARFRUIT;SEASHELLS;5040.0;2
28100;;;AMETHYSTS;SEASHELLS;9995.0;1
28100;;;STARFRUIT;SEASHELLS;5039.0;1
28100;;;STARFRUIT;SEASHELLS;5040.0;1
28600;;;STARFRUIT;SEASHELLS;5039.0;1
28700;;;AMETHYSTS;SEASHELLS;9996.0;1
28700;;;AMETHYSTS;SEASHELLS;9996.0;7
29000;;;STARFRUIT;SEASHELLS;5046.0;1
29000;;;AMETHYSTS;SEASHELLS;10005.0;1
29200;;;AMETHYSTS;SEASHELLS;10002.0;1
29200;;;AMETHYSTS;SEASHELLS;10002.0;1
29300;;;STARFRUIT;SEASHELLS;5040.0;1
29900;;;STARFRUIT;SEASHELLS;5043.0;6
29900;;;AMETHYSTS;SEASHELLS;10002.0;4
30000;;;STARFRUIT;SEASHELLS;5046.0;1
30100;;;STARFRUIT;SEASHELLS;5045.0;5
30700;;;STARFRUIT;SEASHELLS;5040.0;1
31200;;;STARFRUIT;SEASHELLS;5038.0;1
31500;;;STARFRUIT;SEASHELLS;5038.0;1
31700;;;AMETHYSTS;SEASHELLS;9998.0;1
31700;;;AMETHYSTS;SEASHELLS;9998.0;3
31700;;;STARFRUIT;SEASHELLS;5045.0;1
32000;;;AMETHYSTS;SEASHELLS;10002.0;1
32200;;;STARFRUIT;SEASHELLS;5043.0;1
32300;;;AMETHYSTS;SEASHELLS;10002.0;1
32700;;;AMETHYSTS;SEASHELLS;10002.0;1
32800;;;STARFRUIT;SEASHELLS;5039.0;5
33600;;;STARFRUIT;SEASHELLS;5037.0;1
33700;;;AMETHYSTS;SEASHELLS;9998.0;1
33800;;;AMETHYSTS;SEASHELLS;10002.0;1
33900;;;AMETHYSTS;SEASHELLS;10005.0;2
33900;;;STARFRUIT;SEASHELLS;5042.0;2
34200;;;STARFRUIT;SEASHELLS;5037.0;1
34200;;;AMETHYSTS;SEASHELLS;9995.0;2
34200;;;AMETHYSTS;SEASHELLS;9996.0;1
34200;;;STARFRUIT;SEASHELLS;5037.0;1
34200;;;AMETHYSTS;SEASHELLS;9996.0;2
34300;;;STARFRUIT;SEASHELLS;5036.0;1
34300;;;STARFRUIT;SEASHELLS;5036.0;10
34400;;;STARFRUIT;SEASHELLS;5037.0;1
34700;;;AMETHYSTS;SEASHELLS;9998.0;5
34800;;;AMETHYSTS;SEASHELLS;10002.0;1
34900;;;STARFRUIT;SEASHELLS;5037.0;1
35200;;;STARFRUIT;SEASHELLS;5037.0;1
35500;;;STARFRUIT;SEASHELLS;5037.0;1
35600;;;STARFRUIT;SEASHELLS;5038.0;1
35700;;;AMETHYSTS;SEASHELLS;10002.0;1
35700;;;AMETHYSTS;SEASHELLS;10002.0;1
35900;;;STARFRUIT;SEASHELLS;5041.0;1
36000;;;AMETHYSTS;SEASHELLS;9998.0;1
36500;;;AMETHYSTS;SEASHELLS;9996.0;1
36700;;;AMETHYSTS;SEASHELLS;10002.0;1
36700;;;STARFRUIT;SEASHELLS;5035.0;1
36800;;;STARFRUIT;SEASHELLS;5040.0;3
36800;;;AMETHYSTS;SEASHELLS;10002.0;1
37100;;;STARFRUIT;SEASHELLS;5041.0;1
37200;;;AMETHYSTS;SEASHELLS;9998.0;1
37300;;;AMETHYSTS;SEASHELLS;10002.0;7
37300;;;AMETHYSTS;SEASHELLS;10002.0;5
37400;;;STARFRUIT;SEASHELLS;5038.0;1
37700;;;STARFRUIT;SEASHELLS;5042.0;1
37900;;;STARFRUIT;SEASHELLS;5043.0;1
38100;;;STARFRUIT;SEASHELLS;5038.0;1
38200;;;AMETHYSTS;SEASHELLS;9998.0;5
38200;;;AMETHYSTS;SEASHELLS;9998.0;2
38400;;;STARFRUIT;SEASHELLS;5039.0;1
38500;;;AMETHYSTS;SEASHELLS;10002.0;1
38500;;;STARFRUIT;SEASHELLS;5044.0;1
38600;;;AMETHYSTS;SEASHELLS;10002.0;5
38800;;;STARFRUIT;SEASHELLS;5042.0;4
38900;;;AMETHYSTS;SEASHELLS;10002.0;4
39400;;;STARFRUIT;SEASHELLS;5044.0;1
39400;;;AMETHYSTS;SEASHELLS;10004.0;1
39600;;;STARFRUIT;SEASHELLS;5038.0;9
39600;;;AMETHYSTS;SEASHELLS;10005.0;2
39700;;;STARFRUIT;SEASHELLS;5045.0;1
39700;;;AMETHYSTS;SEASHELLS;9995.0;2
39700;;;AMETHYSTS;SEASHELLS;10005.0;1
39700;;;AMETHYSTS;SEASHELLS;10005.0;8
40100;;;AMETHYSTS;SEASHELLS;10002.0;1
40300;;;STARFRUIT;SEASHELLS;5039.0;4
40300;;;AMETHYSTS;SEASHELLS;9996.0;1
40300;;;AMETHYSTS;SEASHELLS;9996.0;5
40800;;;STARFRUIT;SEASHELLS;5045.0;9
41200;;;STARFRUIT;SEASHELLS;5043.0;3
41400;;;STARFRUIT;SEASHELLS;5039.0;1
41500;;;AMETHYSTS;SEASHELLS;9998.0;1
41500;;;STARFRUIT;SEASHELLS;5040.0;2
41900;;;STARFRUIT;SEASHELLS;5039.0;2
42200;;;AMETHYSTS;SEASHELLS;9995.0;2
42200;;;STARFRUIT;SEASHELLS;5039.0;2
42300;;;STARFRUIT;SEASHELLS;5044.0;6
42300;;;AMETHYSTS;SEASHELLS;10005.0;1
42300;;;STARFRUIT;SEASHELLS;5046.0;1
42300;;;STARFRUIT;SEASHELLS;5044.0;1
42300;;;STARFRUIT;SEASHELLS;5044.0;1
42500;;;STARFRUIT;SEASHELLS;5038.0;1
42700;;;STARFRUIT;SEASHELLS;5038.0;1
43200;;;AMETHYSTS;SEASHELLS;10002.0;1
43200;;;STARFRUIT;SEASHELLS;5041.0;2
43400;;;STARFRUIT;SEASHELLS;5037.0;1
43800;;;AMETHYSTS;SEASHELLS;9998.0;1
44000;;;AMETHYSTS;SEASHELLS;10002.0;4
44100;;;AMETHYSTS;SEASHELLS;9996.0;2
44100;;;STARFRUIT;SEASHELLS;5036.0;1
44100;;;STARFRUIT;SEASHELLS;5036.0;2
44200;;;AMETHYSTS;SEASHELLS;9998.0;2
44500;;;AMETHYSTS;SEASHELLS;9996.0;1
44500;;;STARFRUIT;SEASHELLS;5036.0;1
44700;;;AMETHYSTS;SEASHELLS;9996.0;1
44700;;;STARFRUIT;SEASHELLS;5038.0;1
44900;;;STARFRUIT;SEASHELLS;5041.0;9
45100;;;STARFRUIT;SEASHELLS;5037.0;5
45100;;;STARFRUIT;SEASHELLS;5037.0;2
45100;;;AMETHYSTS;SEASHELLS;9998.0;1
45300;;;STARFRUIT;SEASHELLS;5037.0;1
45300;;;AMETHYSTS;SEASHELLS;9998.0;1
45300;;;STARFRUIT;SEASHELLS;5044.0;15
45600;;;STARFRUIT;SEASHELLS;5042.0;1
46000;;;AMETHYSTS;SEASHELLS;9996.0;1
46000;;;AMETHYSTS;SEASHELLS;9996.0;2
46000;;;AMETHYSTS;SEASHELLS;9998.0;5
46100;;;STARFRUIT;SEASHELLS;5038.0;1
46200;;;STARFRUIT;SEASHELLS;5043.0;8
46200;;;STARFRUIT;SEASHELLS;5042.0;2
46300;;;STARFRUIT;SEASHELLS;5044.0;1
46400;;;STARFRUIT;SEASHELLS;5043.0;10
46500;;;STARFRUIT;SEASHELLS;5038.0;1
46800;;;STARFRUIT;SEASHELLS;5040.0;5
46800;;;AMETHYSTS;SEASHELLS;9998.0;1
46900;;;STARFRUIT;SEASHELLS;5044.0;1
47000;;;AMETHYSTS;SEASHELLS;9995.0;2
47000;;;STARFRUIT;SEASHELLS;5039.0;2
47100;;;STARFRUIT;SEASHELLS;5039.0;1
47200;;;STARFRUIT;SEASHELLS;5044.0;1
47200;;;STARFRUIT;SEASHELLS;5043.0;4
47600;;;AMETHYSTS;SEASHELLS;9995.0;2
47600;;;STARFRUIT;SEASHELLS;5037.0;2
47700;;;AMETHYSTS;SEASHELLS;9998.0;1
48300;;;STARFRUIT;SEASHELLS;5043.0;1
48400;;;STARFRUIT;SEASHELLS;5044.0;5
48700;;;AMETHYSTS;SEASHELLS;10002.0;2
48900;;;STARFRUIT;SEASHELLS;5036.0;1
49100;;;AMETHYSTS;SEASHELLS;9998.0;2
49100;;;STARFRUIT;SEASHELLS;5035.0;2
49300;;;STARFRUIT;SEASHELLS;5040.0;1
49700;;;AMETHYSTS;SEASHELLS;10002.0;1
49800;;;AMETHYSTS;SEASHELLS;9998.0;1
49900;;;AMETHYSTS;SEASHELLS;10002.0;1
50100;;;AMETHYSTS;SEASHELLS;10004.0;2
50100;;;STARFRUIT;SEASHELLS;5043.0;6
50100;;;STARFRUIT;SEASHELLS;5043.0;2
50100;;;STARFRUIT;SEASHELLS;5042.0;10
50100;;;STARFRUIT;SEASHELLS;5044.0;2
50300;;;AMETHYSTS;SEASHELLS;10002.0;1
50400;;;AMETHYSTS;SEASHELLS;10002.0;4
50600;;;STARFRUIT;SEASHELLS;5041.0;1
50800;;;AMETHYSTS;SEASHELLS;9998.0;1
51300;;;STARFRUIT;SEASHELLS;5038.0;2
51300;;;STARFRUIT;SEASHELLS;5038.0;7
51600;;;STARFRUIT;SEASHELLS;5038.0;2
52000;;;STARFRUIT;SEASHELLS;5038.0;3
52000;;;STARFRUIT;SEASHELLS;5038.0;7
52300;;;STARFRUIT;SEASHELLS;5042.0;5
52300;;;STARFRUIT;SEASHELLS;5043.0;1
52600;;;STARFRUIT;SEASHELLS;5037.0;15
52700;;;AMETHYSTS;SEASHELLS;9998.0;1
52700;;;AMETHYSTS;SEASHELLS;9995.0;2
52700;;;STARFRUIT;SEASHELLS;5037.0;2
53200;;;STARFRUIT;SEASHELLS;5043.0;12
53400;;;STARFRUIT;SEASHELLS;5037.0;1
53500;;;STARFRUIT;SEASHELLS;5037.0;8
53600;;;STARFRUIT;SEASHELLS;5038.0;1
53600;;;AMETHYSTS;SEASHELLS;9998.0;2
53900;;;STARFRUIT;SEASHELLS;5043.0;1
53900;;;STARFRUIT;SEASHELLS;5037.0;5
54400;;;STARFRUIT;SEASHELLS;5038.0;1
54500;;;STARFRUIT;SEASHELLS;5038.0;1
54700;;;AMETHYSTS;SEASHELLS;9998.0;1
55000;;;STARFRUIT;SEASHELLS;5039.0;4
55000;;;AMETHYSTS;SEASHELLS;9998.0;1
55000;;;STARFRUIT;SEASHELLS;5039.0;1
56600;;;AMETHYSTS;SEASHELLS;10004.0;1
56700;;;STARFRUIT;SEASHELLS;5038.0;1
56800;;;STARFRUIT;SEASHELLS;5038.0;1
57000;;;STARFRUIT;SEASHELLS;5037.0;2
57000;;;STARFRUIT;SEASHELLS;5037.0;13
57000;;;AMETHYSTS;SEASHELLS;9995.0;2
57300;;;AMETHYSTS;SEASHELLS;10002.0;1
57400;;;STARFRUIT;SEASHELLS;5038.0;1
58000;;;STARFRUIT;SEASHELLS;5041.0;1
58100;;;STARFRUIT;SEASHELLS;5037.0;1
58400;;;STARFRUIT;SEASHELLS;5040.0;4
58800;;;AMETHYSTS;SEASHELLS;9998.0;1
58900;;;AMETHYSTS;SEASHELLS;9998.0;1
59000;;;AMETHYSTS;SEASHELLS;9998.0;9
59100;;;AMETHYSTS;SEASHELLS;9998.0;2
59300;;;AMETHYSTS;SEASHELLS;9998.0;1
59300;;;AMETHYSTS;SEASHELLS;9998.0;2
59400;;;AMETHYSTS;SEASHELLS;10002.0;3
59800;;;STARFRUIT;SEASHELLS;5040.0;5
59900;;;AMETHYSTS;SEASHELLS;10002.0;1
59900;;;STARFRUIT;SEASHELLS;5044.0;2
59900;;;AMETHYSTS;SEASHELLS;10004.0;2
60100;;;AMETHYSTS;SEASHELLS;9998.0;1
60100;;;STARFRUIT;SEASHELLS;5038.0;9
60200;;;AMETHYSTS;SEASHELLS;9998.0;1
60400;;;AMETHYSTS;SEASHELLS;9998.0;2
60500;;;STARFRUIT;SEASHELLS;5037.0;15
60500;;;AMETHYSTS;SEASHELLS;9996.0;1
60500;;;STARFRUIT;SEASHELLS;5037.0;1
61000;;;STARFRUIT;SEASHELLS;5038.0;1
61000;;;AMETHYSTS;SEASHELLS;10004.0;1
61100;;;STARFRUIT;SEASHELLS;5044.0;9
61500;;;AMETHYSTS;SEASHELLS;10002.0;6
62200;;;STARFRUIT;SEASHELLS;5038.0;1
62800;;;AMETHYSTS;SEASHELLS;9996.0;7
62800;;;AMETHYSTS;SEASHELLS;9996.0;1
62900;;;AMETHYSTS;SEASHELLS;10004.0;1
62900;;;STARFRUIT;SEASHELLS;5042.0;1
63500;;;AMETHYSTS;SEASHELLS;9998.0;1
63700;;;STARFRUIT;SEASHELLS;5037.0;1
63700;;;AMETHYSTS;SEASHELLS;9998.0;1
63800;;;STARFRUIT;SEASHELLS;5036.0;1
63900;;;STARFRUIT;SEASHELLS;5036.0;1
64600;;;STARFRUIT;SEASHELLS;5036.0;1
64900;;;STARFRUIT;SEASHELLS;5036.0;1
65100;;;STARFRUIT;SEASHELLS;5040.0;1
65100;;;AMETHYSTS;SEASHELLS;10004.0;1
65300;;;STARFRUIT;SEASHELLS;5041.0;1
65300;;;STARFRUIT;SEASHELLS;5040.0;5
65300;;;AMETHYSTS;SEASHELLS;10002.0;1
65400;;;AMETHYSTS;SEASHELLS;9998.0;1
66000;;;AMETHYSTS;SEASHELLS;9996.0;1
66000;;;STARFRUIT;SEASHELLS;5037.0;2
66100;;;STARFRUIT;SEASHELLS;5044.0;8
66100;;;AMETHYSTS;SEASHELLS;9995.0;6
66500;;;STARFRUIT;SEASHELLS;5037.0;1
66600;;;STARFRUIT;SEASHELLS;5038.0;1
66600;;;STARFRUIT;SEASHELLS;5038.0;9
67000;;;AMETHYSTS;SEASHELLS;10002.0;4
67100;;;AMETHYSTS;SEASHELLS;9996.0;1
67700;;;STARFRUIT;SEASHELLS;5044.0;11
67700;;;AMETHYSTS;SEASHELLS;10002.0;1
67900;;;STARFRUIT;SEASHELLS;5041.0;9
67900;;;STARFRUIT;SEASHELLS;5043.0;15
69200;;;STARFRUIT;SEASHELLS;5036.0;7
69400;;;AMETHYSTS;SEASHELLS;10002.0;4
69500;;;AMETHYSTS;SEASHELLS;10002.0;1
69500;;;AMETHYSTS;SEASHELLS;10002.0;1
69600;;;AMETHYSTS;SEASHELLS;10002.0;1
69600;;;STARFRUIT;SEASHELLS;5033.0;8
69600;;;STARFRUIT;SEASHELLS;5040.0;1
69800;;;STARFRUIT;SEASHELLS;5034.0;1
69900;;;STARFRUIT;SEASHELLS;5041.0;15
70200;;;STARFRUIT;SEASHELLS;5036.0;3
70400;;;AMETHYSTS;SEASHELLS;10002.0;5
70600;;;AMETHYSTS;SEASHELLS;9996.0;2
70700;;;AMETHYSTS;SEASHELLS;10002.0;2
70700;;;STARFRUIT;SEASHELLS;5040.0;2
70800;;;STARFRUIT;SEASHELLS;5033.0;1
70900;;;AMETHYSTS;SEASHELLS;10005.0;1
70900;;;STARFRUIT;SEASHELLS;5040.0;1
70900;;;AMETHYSTS;SEASHELLS;10005.0;12
71000;;;STARFRUIT;SEASHELLS;5039.0;1
71400;;;STARFRUIT;SEASHELLS;5036.0;1
71400;;;STARFRUIT;SEASHELLS;5040.0;6
72400;;;STARFRUIT;SEASHELLS;5036.0;9
72500;;;AMETHYSTS;SEASHELLS;10004.0;1
72500;;;STARFRUIT;SEASHELLS;5043.0;1
73200;;;STARFRUIT;SEASHELLS;5038.0;1
73200;;;STARFRUIT;SEASHELLS;5038.0;5
73400;;;AMETHYSTS;SEASHELLS;9998.0;1
73700;;;STARFRUIT;SEASHELLS;5043.0;1
74300;;;STARFRUIT;SEASHELLS;5044.0;1
74400;;;STARFRUIT;SEASHELLS;5043.0;1
74400;;;STARFRUIT;SEASHELLS;5043.0;2
74600;;;STARFRUIT;SEASHELLS;5039.0;1
74600;;;AMETHYSTS;SEASHELLS;10004.0;2
74800;;;AMETHYSTS;SEASHELLS;9998.0;2
74900;;;AMETHYSTS;SEASHELLS;9998.0;1
75300;;;STARFRUIT;SEASHELLS;5040.0;1
75600;;;STARFRUIT;SEASHELLS;5046.0;13
75800;;;STARFRUIT;SEASHELLS;5046.0;1
75800;;;AMETHYSTS;SEASHELLS;10004.0;1
76300;;;STARFRUIT;SEASHELLS;5037.0;1
76400;;;STARFRUIT;SEASHELLS;5038.0;3
76800;;;STARFRUIT;SEASHELLS;5039.0;1
76900;;;STARFRUIT;SEASHELLS;5041.0;4
77100;;;STARFRUIT;SEASHELLS;5041.0;1
77400;;;STARFRUIT;SEASHELLS;5042.0;4
77700;;;AMETHYSTS;SEASHELLS;9998.0;1
78000;;;STARFRUIT;SEASHELLS;5043.0;1
78100;;;AMETHYSTS;SEASHELLS;10002.0;1
78400;;;AMETHYSTS;SEASHELLS;10004.0;5
78400;;;AMETHYSTS;SEASHELLS;10004.0;2
78600;;;AMETHYSTS;SEASHELLS;9996.0;2
78700;;;STARFRUIT;SEASHELLS;5049.0;10
78800;;;STARFRUIT;SEASHELLS;5047.0;1
79100;;;STARFRUIT;SEASHELLS;5047.0;3
79100;;;STARFRUIT;SEASHELLS;5047.0;1
79300;;;AMETHYSTS;SEASHELLS;9996.0;1
79300;;;STARFRUIT;SEASHELLS;5043.0;1
79500;;;AMETHYSTS;SEASHELLS;10004.0;1
79500;;;STARFRUIT;SEASHELLS;5049.0;1
79800;;;STARFRUIT;SEASHELLS;5050.0;1
79900;;;STARFRUIT;SEASHELLS;5045.0;2
79900;;;AMETHYSTS;SEASHELLS;9998.0;2
80300;;;AMETHYSTS;SEASHELLS;9998.0;3
80400;;;STARFRUIT;SEASHELLS;5047.0;1
80400;;;STARFRUIT;SEASHELLS;5047.0;2
80400;;;AMETHYSTS;SEASHELLS;9998.0;1
80600;;;AMETHYSTS;SEASHELLS;9998.0;1
80700;;;AMETHYSTS;SEASHELLS;9998.0;1
81500;;;STARFRUIT;SEASHELLS;5044.0;1
81500;;;AMETHYSTS;SEASHELLS;10002.0;1
81700;;;STARFRUIT;SEASHELLS;5044.0;1
81800;;;STARFRUIT;SEASHELLS;5049.0;1
81900;;;STARFRUIT;SEASHELLS;5046.0;4
82000;;;STARFRUIT;SEASHELLS;5045.0;1
82100;;;STARFRUIT;SEASHELLS;5045.0;14
82200;;;AMETHYSTS;SEASHELLS;9998.0;4
82500;;;STARFRUIT;SEASHELLS;5050.0;1
82700;;;STARFRUIT;SEASHELLS;5046.0;1
83000;;;AMETHYSTS;SEASHELLS;9998.0;1
83400;;;STARFRUIT;SEASHELLS;5046.0;7
83400;;;AMETHYSTS;SEASHELLS;10002.0;1
83800;;;AMETHYSTS;SEASHELLS;10005.0;1
83800;;;STARFRUIT;SEASHELLS;5054.0;1
84100;;;STARFRUIT;SEASHELLS;5051.0;1
84100;;;AMETHYSTS;SEASHELLS;10002.0;1
84500;;;STARFRUIT;SEASHELLS;5046.0;13
84500;;;STARFRUIT;SEASHELLS;5046.0;2
84500;;;AMETHYSTS;SEASHELLS;9996.0;1
84600;;;STARFRUIT;SEASHELLS;5053.0;7
84800;;;AMETHYSTS;SEASHELLS;10002.0;1
84800;;;STARFRUIT;SEASHELLS;5051.0;1
85200;;;AMETHYSTS;SEASHELLS;10002.0;1
85200;;;STARFRUIT;SEASHELLS;5051.0;1
85400;;;STARFRUIT;SEASHELLS;5052.0;1
85500;;;AMETHYSTS;SEASHELLS;9998.0;7
85600;;;AMETHYSTS;SEASHELLS;9996.0;2
85800;;;AMETHYSTS;SEASHELLS;10002.0;1
85900;;;AMETHYSTS;SEASHELLS;9996.0;1
86200;;;AMETHYSTS;SEASHELLS;9998.0;2
86600;;;STARFRUIT;SEASHELLS;5054.0;1
86900;;;STARFRUIT;SEASHELLS;5054.0;1
86900;;;STARFRUIT;SEASHELLS;5051.0;1
87100;;;AMETHYSTS;SEASHELLS;9998.0;1
87100;;;STARFRUIT;SEASHELLS;5052.0;5
87200;;;STARFRUIT;SEASHELLS;5050.0;7
87300;;;STARFRUIT;SEASHELLS;5054.0;1
87500;;;STARFRUIT;SEASHELLS;5054.0;1
87900;;;STARFRUIT;SEASHELLS;5055.0;1
88400;;;STARFRUIT;SEASHELLS;5055.0;9
88500;;;AMETHYSTS;SEASHELLS;10002.0;1
88600;;;AMETHYSTS;SEASHELLS;10002.0;1
88700;;;AMETHYSTS;SEASHELLS;9995.0;8
88900;;;AMETHYSTS;SEASHELLS;10002.0;4
88900;;;AMETHYSTS;SEASHELLS;10002.0;1
89100;;;STARFRUIT;SEASHELLS;5057.0;2
89100;;;AMETHYSTS;SEASHELLS;10005.0;2
89300;;;AMETHYSTS;SEASHELLS;9996.0;2
89300;;;STARFRUIT;SEASHELLS;5049.0;2
89500;;;STARFRUIT;SEASHELLS;5054.0;1
89800;;;AMETHYSTS;SEASHELLS;10004.0;1
89800;;;AMETHYSTS;SEASHELLS;9998.0;1
89800;;;STARFRUIT;SEASHELLS;5056.0;2
89800;;;AMETHYSTS;SEASHELLS;10005.0;2
90200;;;AMETHYSTS;SEASHELLS;9998.0;2
90200;;;AMETHYSTS;SEASHELLS;9998.0;1
90400;;;AMETHYSTS;SEASHELLS;9996.0;1
90800;;;STARFRUIT;SEASHELLS;5053.0;1
90800;;;STARFRUIT;SEASHELLS;5053.0;4
91200;;;AMETHYSTS;SEASHELLS;10002.0;1
91200;;;STARFRUIT;SEASHELLS;5058.0;1
91200;;;STARFRUIT;SEASHELLS;5055.0;2
91300;;;AMETHYSTS;SEASHELLS;9998.0;0
91300;;;AMETHYSTS;SEASHELLS;9998.0;1
91300;;;AMETHYSTS;SEASHELLS;9998.0;7
91300;;;AMETHYSTS;SEASHELLS;9998.0;2
91400;;;STARFRUIT;SEASHELLS;5054.0;1
91600;;;STARFRUIT;SEASHELLS;5054.0;1
91600;;;AMETHYSTS;SEASHELLS;9998.0;1
91800;;;AMETHYSTS;SEASHELLS;9998.0;3
91900;;;AMETHYSTS;SEASHELLS;9998.0;1
92400;;;STARFRUIT;SEASHELLS;5060.0;1
92900;;;STARFRUIT;SEASHELLS;5054.0;8
93200;;;AMETHYSTS;SEASHELLS;10004.0;2
93200;;;AMETHYSTS;SEASHELLS;10005.0;2
93200;;;AMETHYSTS;SEASHELLS;10004.0;10
93200;;;STARFRUIT;SEASHELLS;5061.0;2
93200;;;AMETHYSTS;SEASHELLS;10002.0;3
93300;;;AMETHYSTS;SEASHELLS;10002.0;1
93700;;;STARFRUIT;SEASHELLS;5061.0;1
94000;;;STARFRUIT;SEASHELLS;5062.0;1
94400;;;AMETHYSTS;SEASHELLS;9998.0;1
94400;;;STARFRUIT;SEASHELLS;5058.0;9
94700;;;STARFRUIT;SEASHELLS;5064.0;10
94700;;;STARFRUIT;SEASHELLS;5064.0;10
94700;;;STARFRUIT;SEASHELLS;5064.0;4
95500;;;AMETHYSTS;SEASHELLS;9998.0;1
95700;;;AMETHYSTS;SEASHELLS;9998.0;1
95800;;;AMETHYSTS;SEASHELLS;9996.0;2
95800;;;STARFRUIT;SEASHELLS;5056.0;2
95800;;;AMETHYSTS;SEASHELLS;9998.0;1
96600;;;AMETHYSTS;SEASHELLS;10002.0;1
96600;;;STARFRUIT;SEASHELLS;5056.0;1
96900;;;STARFRUIT;SEASHELLS;5060.0;1
97100;;;STARFRUIT;SEASHELLS;5059.0;1
97100;;;AMETHYSTS;SEASHELLS;10004.0;1
97200;;;STARFRUIT;SEASHELLS;5054.0;2
97800;;;STARFRUIT;SEASHELLS;5059.0;1
97800;;;AMETHYSTS;SEASHELLS;10005.0;1
98700;;;AMETHYSTS;SEASHELLS;10004.0;2
98700;;;STARFRUIT;SEASHELLS;5057.0;2
98800;;;STARFRUIT;SEASHELLS;5052.0;2
98800;;;AMETHYSTS;SEASHELLS;9996.0;1
98800;;;AMETHYSTS;SEASHELLS;9998.0;1
98800;;;AMETHYSTS;SEASHELLS;9996.0;1
98900;;;STARFRUIT;SEASHELLS;5055.0;4
99400;;;STARFRUIT;SEASHELLS;5055.0;1
99800;;;AMETHYSTS;SEASHELLS;9998.0;1
99800;;;STARFRUIT;SEASHELLS;5051.0;1
99800;;;STARFRUIT;SEASHELLS;5052.0;3
100100;;;STARFRUIT;SEASHELLS;5050.0;1
100400;;;STARFRUIT;SEASHELLS;5050.0;1
100400;;;AMETHYSTS;SEASHELLS;9998.0;1
100600;;;AMETHYSTS;SEASHELLS;9998.0;1
100600;;;STARFRUIT;SEASHELLS;5054.0;1
100900;;;AMETHYSTS;SEASHELLS;10002.0;1
101100;;;STARFRUIT;SEASHELLS;5053.0;10
101100;;;STARFRUIT;SEASHELLS;5053.0;1
101700;;;STARFRUIT;SEASHELLS;5046.0;1
101700;;;AMETHYSTS;SEASHELLS;10002.0;1
101900;;;STARFRUIT;SEASHELLS;5046.0;6
101900;;;STARFRUIT;SEASHELLS;5046.0;2
102300;;;AMETHYSTS;SEASHELLS;10005.0;1
102300;;;STARFRUIT;SEASHELLS;5046.0;1
102400;;;STARFRUIT;SEASHELLS;5047.0;5
102600;;;AMETHYSTS;SEASHELLS;9998.0;1
102600;;;STARFRUIT;SEASHELLS;5047.0;14
102900;;;STARFRUIT;SEASHELLS;5052.0;1
103100;;;STARFRUIT;SEASHELLS;5049.0;6
103700;;;AMETHYSTS;SEASHELLS;9998.0;1
103900;;;AMETHYSTS;SEASHELLS;9998.0;1
104000;;;AMETHYSTS;SEASHELLS;9998.0;2
104800;;;AMETHYSTS;SEASHELLS;9998.0;2
105000;;;AMETHYSTS;SEASHELLS;9995.0;5
105500;;;STARFRUIT;SEASHELLS;5049.0;1
105700;;;AMETHYSTS;SEASHELLS;9998.0;3
105800;;;STARFRUIT;SEASHELLS;5050.0;5
106100;;;AMETHYSTS;SEASHELLS;10002.0;1
106300;;;STARFRUIT;SEASHELLS;5047.0;1
106400;;;STARFRUIT;SEASHELLS;5047.0;12
106400;;;STARFRUIT;SEASHELLS;5047.0;1
106500;;;AMETHYSTS;SEASHELLS;10005.0;1
106500;;;STARFRUIT;SEASHELLS;5053.0;1
106800;;;STARFRUIT;SEASHELLS;5046.0;1
106800;;;AMETHYSTS;SEASHELLS;9998.0;1
107600;;;STARFRUIT;SEASHELLS;5047.0;1
107800;;;STARFRUIT;SEASHELLS;5046.0;1
107800;;;AMETHYSTS;SEASHELLS;9996.0;1
107900;;;STARFRUIT;SEASHELLS;5051.0;1
108000;;;STARFRUIT;SEASHELLS;5047.0;5
108300;;;AMETHYSTS;SEASHELLS;9998.0;1
108600;;;AMETHYSTS;SEASHELLS;9998.0;1
108600;;;AMETHYSTS;SEASHELLS;9998.0;4
108800;;;STARFRUIT;SEASHELLS;5052.0;2
108800;;;STARFRUIT;SEASHELLS;5051.0;1
108800;;;AMETHYSTS;SEASHELLS;10004.0;2
108900;;;AMETHYSTS;SEASHELLS;9996.0;5
108900;;;AMETHYSTS;SEASHELLS;9996.0;1
109000;;;STARFRUIT;SEASHELLS;5046.0;1
109100;;;STARFRUIT;SEASHELLS;5050.0;5
109200;;;STARFRUIT;SEASHELLS;5050.0;9
109600;;;STARFRUIT;SEASHELLS;5045.0;1
109700;;;AMETHYSTS;SEASHELLS;10004.0;1
109700;;;STARFRUIT;SEASHELLS;5051.0;1
110200;;;STARFRUIT;SEASHELLS;5044.0;1
110500;;;STARFRUIT;SEASHELLS;5044.0;9
110600;;;AMETHYSTS;SEASHELLS;9998.0;1
110700;;;AMETHYSTS;SEASHELLS;10002.0;1
111000;;;STARFRUIT;SEASHELLS;5049.0;7
111100;;;STARFRUIT;SEASHELLS;5044.0;1
111200;;;STARFRUIT;SEASHELLS;5044.0;1
111300;;;STARFRUIT;SEASHELLS;5043.0;1
111800;;;AMETHYSTS;SEASHELLS;10004.0;1
111800;;;STARFRUIT;SEASHELLS;5049.0;1
112000;;;STARFRUIT;SEASHELLS;5048.0;2
112300;;;STARFRUIT;SEASHELLS;5043.0;1
112800;;;STARFRUIT;SEASHELLS;5047.0;4
113500;;;STARFRUIT;SEASHELLS;5048.0;1
113900;;;AMETHYSTS;SEASHELLS;10002.0;1
114300;;;STARFRUIT;SEASHELLS;5046.0;1
114300;;;AMETHYSTS;SEASHELLS;10004.0;1
114500;;;STARFRUIT;SEASHELLS;5042.0;1
114500;;;AMETHYSTS;SEASHELLS;9996.0;9
114500;;;AMETHYSTS;SEASHELLS;9996.0;2
114600;;;STARFRUIT;SEASHELLS;5048.0;4
115100;;;STARFRUIT;SEASHELLS;5041.0;1
115100;;;STARFRUIT;SEASHELLS;5046.0;7
116100;;;STARFRUIT;SEASHELLS;5046.0;1
116100;;;AMETHYSTS;SEASHELLS;10005.0;1
116300;;;AMETHYSTS;SEASHELLS;9996.0;2
116400;;;STARFRUIT;SEASHELLS;5047.0;2
116400;;;AMETHYSTS;SEASHELLS;9998.0;1
116600;;;STARFRUIT;SEASHELLS;5042.0;1
116600;;;STARFRUIT;SEASHELLS;5042.0;5
116600;;;STARFRUIT;SEASHELLS;5042.0;0
116600;;;STARFRUIT;SEASHELLS;5043.0;3
116600;;;STARFRUIT;SEASHELLS;5042.0;3
116600;;;STARFRUIT;SEASHELLS;5042.0;0
116800;;;STARFRUIT;SEASHELLS;5040.0;2
116800;;;AMETHYSTS;SEASHELLS;9995.0;2
116900;;;STARFRUIT;SEASHELLS;5041.0;4
117100;;;STARFRUIT;SEASHELLS;5045.0;1
117300;;;STARFRUIT;SEASHELLS;5046.0;1
117300;;;STARFRUIT;SEASHELLS;5041.0;8
117500;;;AMETHYSTS;SEASHELLS;10002.0;2
117800;;;STARFRUIT;SEASHELLS;5042.0;3
117900;;;AMETHYSTS;SEASHELLS;9998.0;1
118100;;;STARFRUIT;SEASHELLS;5046.0;1
118100;;;AMETHYSTS;SEASHELLS;10005.0;2
118200;;;STARFRUIT;SEASHELLS;5045.0;4
118200;;;STARFRUIT;SEASHELLS;5047.0;1
118200;;;STARFRUIT;SEASHELLS;5047.0;1
118200;;;AMETHYSTS;SEASHELLS;10002.0;2
118300;;;AMETHYSTS;SEASHELLS;10002.0;3
118300;;;STARFRUIT;SEASHELLS;5040.0;4
119000;;;AMETHYSTS;SEASHELLS;9996.0;4
119000;;;AMETHYSTS;SEASHELLS;9996.0;1
119000;;;AMETHYSTS;SEASHELLS;9998.0;1
119100;;;AMETHYSTS;SEASHELLS;10002.0;1
119200;;;AMETHYSTS;SEASHELLS;9996.0;1
119200;;;STARFRUIT;SEASHELLS;5042.0;1
119200;;;AMETHYSTS;SEASHELLS;9996.0;1
119200;;;STARFRUIT;SEASHELLS;5042.0;1
119800;;;STARFRUIT;SEASHELLS;5042.0;1
119900;;;STARFRUIT;SEASHELLS;5048.0;1
120100;;;STARFRUIT;SEASHELLS;5047.0;4
120100;;;STARFRUIT;SEASHELLS;5047.0;6
120200;;;AMETHYSTS;SEASHELLS;10002.0;1
120200;;;STARFRUIT;SEASHELLS;5042.0;1
120900;;;AMETHYSTS;SEASHELLS;10002.0;2
121000;;;AMETHYSTS;SEASHELLS;10004.0;1
121000;;;STARFRUIT;SEASHELLS;5050.0;1
121300;;;AMETHYSTS;SEASHELLS;10004.0;1
121300;;;STARFRUIT;SEASHELLS;5045.0;1
121600;;;STARFRUIT;SEASHELLS;5050.0;1
121600;;;STARFRUIT;SEASHELLS;5052.0;2
121600;;;AMETHYSTS;SEASHELLS;10002.0;2
121700;;;STARFRUIT;SEASHELLS;5050.0;1
121800;;;AMETHYSTS;SEASHELLS;9995.0;1
121800;;;STARFRUIT;SEASHELLS;5044.0;1
122200;;;STARFRUIT;SEASHELLS;5046.0;1
122200;;;AMETHYSTS;SEASHELLS;9996.0;1
122500;;;STARFRUIT;SEASHELLS;5054.0;2
122500;;;AMETHYSTS;SEASHELLS;10004.0;2
122500;;;AMETHYSTS;SEASHELLS;10002.0;2
122500;;;AMETHYSTS;SEASHELLS;10002.0;6
122600;;;AMETHYSTS;SEASHELLS;9998.0;4
122700;;;AMETHYSTS;SEASHELLS;10002.0;5
122800;;;STARFRUIT;SEASHELLS;5048.0;1
123100;;;AMETHYSTS;SEASHELLS;10002.0;1
123200;;;STARFRUIT;SEASHELLS;5052.0;1
123200;;;STARFRUIT;SEASHELLS;5052.0;3
123500;;;STARFRUIT;SEASHELLS;5046.0;1
123500;;;AMETHYSTS;SEASHELLS;9998.0;2
123700;;;AMETHYSTS;SEASHELLS;9996.0;1
123700;;;STARFRUIT;SEASHELLS;5046.0;1
123900;;;STARFRUIT;SEASHELLS;5046.0;1
123900;;;AMETHYSTS;SEASHELLS;9998.0;1
124000;;;AMETHYSTS;SEASHELLS;10002.0;1
124200;;;AMETHYSTS;SEASHELLS;9998.0;5
124200;;;STARFRUIT;SEASHELLS;5050.0;4
125200;;;STARFRUIT;SEASHELLS;5055.0;1
125400;;;STARFRUIT;SEASHELLS;5057.0;1
125400;;;AMETHYSTS;SEASHELLS;10004.0;1
125900;;;STARFRUIT;SEASHELLS;5050.0;1
125900;;;AMETHYSTS;SEASHELLS;9998.0;1
126200;;;STARFRUIT;SEASHELLS;5049.0;1
126400;;;STARFRUIT;SEASHELLS;5056.0;1
126400;;;AMETHYSTS;SEASHELLS;9998.0;2
126600;;;STARFRUIT;SEASHELLS;5050.0;1
126700;;;AMETHYSTS;SEASHELLS;9998.0;1
126700;;;AMETHYSTS;SEASHELLS;9998.0;1
126900;;;STARFRUIT;SEASHELLS;5055.0;1
126900;;;AMETHYSTS;SEASHELLS;10002.0;1
127000;;;AMETHYSTS;SEASHELLS;10002.0;1
127000;;;AMETHYSTS;SEASHELLS;10002.0;2
127100;;;AMETHYSTS;SEASHELLS;9998.0;1
127500;;;STARFRUIT;SEASHELLS;5055.0;2
127500;;;AMETHYSTS;SEASHELLS;10002.0;1
127500;;;AMETHYSTS;SEASHELLS;10002.0;2
127800;;;STARFRUIT;SEASHELLS;5050.0;5
128000;;;AMETHYSTS;SEASHELLS;10002.0;2
128100;;;STARFRUIT;SEASHELLS;5050.0;2
128400;;;AMETHYSTS;SEASHELLS;10002.0;1
128400;;;STARFRUIT;SEASHELLS;5049.0;2
128800;;;STARFRUIT;SEASHELLS;5054.0;8
129000;;;STARFRUIT;SEASHELLS;5047.0;1
129200;;;STARFRUIT;SEASHELLS;5049.0;1
129400;;;STARFRUIT;SEASHELLS;5056.0;4
129400;;;AMETHYSTS;SEASHELLS;9998.0;1
129500;;;AMETHYSTS;SEASHELLS;9998.0;1
129700;;;STARFRUIT;SEASHELLS;5051.0;2
129800;;;AMETHYSTS;SEASHELLS;10005.0;2
129800;;;STARFRUIT;SEASHELLS;5055.0;2
130100;;;STARFRUIT;SEASHELLS;5055.0;1
130300;;;AMETHYSTS;SEASHELLS;10005.0;2
130400;;;STARFRUIT;SEASHELLS;5050.0;3
130400;;;AMETHYSTS;SEASHELLS;10004.0;1
130400;;;STARFRUIT;SEASHELLS;5056.0;1
130700;;;STARFRUIT;SEASHELLS;5050.0;8
130700;;;STARFRUIT;SEASHELLS;5050.0;3
130900;;;STARFRUIT;SEASHELLS;5049.0;1
131100;;;STARFRUIT;SEASHELLS;5051.0;1
131200;;;STARFRUIT;SEASHELLS;5050.0;1
131500;;;STARFRUIT;SEASHELLS;5049.0;2
131500;;;AMETHYSTS;SEASHELLS;9996.0;1
131900;;;AMETHYSTS;SEASHELLS;9996.0;1
131900;;;AMETHYSTS;SEASHELLS;9996.0;1
131900;;;STARFRUIT;SEASHELLS;5051.0;2
132100;;;AMETHYSTS;SEASHELLS;10002.0;1
132200;;;STARFRUIT;SEASHELLS;5055.0;1
132200;;;AMETHYSTS;SEASHELLS;10004.0;1
132300;;;STARFRUIT;SEASHELLS;5053.0;2
132300;;;AMETHYSTS;SEASHELLS;9998.0;2
132300;;;STARFRUIT;SEASHELLS;5053.0;1
132300;;;AMETHYSTS;SEASHELLS;9998.0;1
132300;;;AMETHYSTS;SEASHELLS;9995.0;1
132600;;;AMETHYSTS;SEASHELLS;9998.0;1
132600;;;STARFRUIT;SEASHELLS;5050.0;1
132800;;;STARFRUIT;SEASHELLS;5051.0;1
132900;;;STARFRUIT;SEASHELLS;5055.0;1
133000;;;AMETHYSTS;SEASHELLS;9998.0;2
133200;;;STARFRUIT;SEASHELLS;5056.0;1
133500;;;AMETHYSTS;SEASHELLS;9998.0;3
133500;;;AMETHYSTS;SEASHELLS;10005.0;8
133600;;;STARFRUIT;SEASHELLS;5052.0;1
134000;;;STARFRUIT;SEASHELLS;5051.0;1
134500;;;STARFRUIT;SEASHELLS;5056.0;1
134700;;;AMETHYSTS;SEASHELLS;9998.0;1
134800;;;STARFRUIT;SEASHELLS;5052.0;13
134900;;;STARFRUIT;SEASHELLS;5052.0;4
135600;;;STARFRUIT;SEASHELLS;5059.0;5
135800;;;STARFRUIT;SEASHELLS;5058.0;1
136100;;;STARFRUIT;SEASHELLS;5054.0;1
136500;;;STARFRUIT;SEASHELLS;5053.0;1
137000;;;AMETHYSTS;SEASHELLS;10002.0;1
137100;;;STARFRUIT;SEASHELLS;5053.0;1
137200;;;STARFRUIT;SEASHELLS;5054.0;5
137400;;;STARFRUIT;SEASHELLS;5052.0;1
137400;;;AMETHYSTS;SEASHELLS;9995.0;1
137700;;;STARFRUIT;SEASHELLS;5053.0;2
137700;;;AMETHYSTS;SEASHELLS;9996.0;2
137800;;;AMETHYSTS;SEASHELLS;9996.0;2
137800;;;STARFRUIT;SEASHELLS;5052.0;2
138200;;;STARFRUIT;SEASHELLS;5058.0;1
138200;;;AMETHYSTS;SEASHELLS;9998.0;1
138300;;;STARFRUIT;SEASHELLS;5053.0;1
138600;;;STARFRUIT;SEASHELLS;5053.0;1
138600;;;STARFRUIT;SEASHELLS;5059.0;1
138600;;;AMETHYSTS;SEASHELLS;10004.0;1
139300;;;STARFRUIT;SEASHELLS;5059.0;1
139400;;;STARFRUIT;SEASHELLS;5060.0;10
139400;;;AMETHYSTS;SEASHELLS;9996.0;1
140500;;;AMETHYSTS;SEASHELLS;9998.0;1
140600;;;STARFRUIT;SEASHELLS;5053.0;1
141400;;;AMETHYSTS;SEASHELLS;9995.0;10
141500;;;STARFRUIT;SEASHELLS;5052.0;1
141600;;;AMETHYSTS;SEASHELLS;10002.0;2
141600;;;STARFRUIT;SEASHELLS;5057.0;4
141600;;;AMETHYSTS;SEASHELLS;10002.0;1
142000;;;STARFRUIT;SEASHELLS;5053.0;9
142100;;;STARFRUIT;SEASHELLS;5059.0;1
142200;;;STARFRUIT;SEASHELLS;5054.0;1
142500;;;AMETHYSTS;SEASHELLS;9998.0;1
143300;;;AMETHYSTS;SEASHELLS;9998.0;1
143600;;;STARFRUIT;SEASHELLS;5054.0;3
143800;;;STARFRUIT;SEASHELLS;5052.0;1
143900;;;AMETHYSTS;SEASHELLS;9998.0;1
143900;;;STARFRUIT;SEASHELLS;5052.0;1
144100;;;STARFRUIT;SEASHELLS;5057.0;1
144400;;;STARFRUIT;SEASHELLS;5053.0;1
144500;;;AMETHYSTS;SEASHELLS;10004.0;2
144500;;;AMETHYSTS;SEASHELLS;10004.0;10
144600;;;STARFRUIT;SEASHELLS;5053.0;2
144600;;;AMETHYSTS;SEASHELLS;9998.0;2
144800;;;AMETHYSTS;SEASHELLS;10002.0;1
145100;;;STARFRUIT;SEASHELLS;5058.0;1
145100;;;AMETHYSTS;SEASHELLS;10005.0;1
145100;;;AMETHYSTS;SEASHELLS;9998.0;6
145600;;;STARFRUIT;SEASHELLS;5056.0;1
145600;;;AMETHYSTS;SEASHELLS;10002.0;1
145900;;;AMETHYSTS;SEASHELLS;10002.0;2
145900;;;STARFRUIT;SEASHELLS;5052.0;2
146400;;;AMETHYSTS;SEASHELLS;9998.0;1
146400;;;STARFRUIT;SEASHELLS;5051.0;1
146400;;;STARFRUIT;SEASHELLS;5052.0;1
147000;;;AMETHYSTS;SEASHELLS;10002.0;1
147000;;;STARFRUIT;SEASHELLS;5058.0;2
147000;;;AMETHYSTS;SEASHELLS;10004.0;1
147000;;;STARFRUIT;SEASHELLS;5056.0;1
147000;;;AMETHYSTS;SEASHELLS;10004.0;1
147200;;;STARFRUIT;SEASHELLS;5057.0;1
147400;;;STARFRUIT;SEASHELLS;5051.0;1
147500;;;STARFRUIT;SEASHELLS;5056.0;1
148200;;;STARFRUIT;SEASHELLS;5058.0;2
148200;;;AMETHYSTS;SEASHELLS;9998.0;2
148200;;;AMETHYSTS;SEASHELLS;9998.0;1
148200;;;AMETHYSTS;SEASHELLS;9998.0;2
148200;;;STARFRUIT;SEASHELLS;5056.0;1
148700;;;AMETHYSTS;SEASHELLS;9995.0;2
148700;;;STARFRUIT;SEASHELLS;5056.0;1
148700;;;AMETHYSTS;SEASHELLS;10005.0;5
148900;;;STARFRUIT;SEASHELLS;5055.0;3
149000;;;STARFRUIT;SEASHELLS;5051.0;1
149000;;;AMETHYSTS;SEASHELLS;10002.0;1
149100;;;STARFRUIT;SEASHELLS;5051.0;1
149500;;;STARFRUIT;SEASHELLS;5054.0;1
150300;;;AMETHYSTS;SEASHELLS;10002.0;1
150600;;;AMETHYSTS;SEASHELLS;10002.0;1
151100;;;AMETHYSTS;SEASHELLS;10002.0;5
151200;;;AMETHYSTS;SEASHELLS;10004.0;2
151500;;;STARFRUIT;SEASHELLS;5058.0;1
151500;;;STARFRUIT;SEASHELLS;5058.0;12
151500;;;AMETHYSTS;SEASHELLS;10004.0;1
151600;;;AMETHYSTS;SEASHELLS;9995.0;1
151600;;;AMETHYSTS;SEASHELLS;9996.0;1
151600;;;STARFRUIT;SEASHELLS;5056.0;1
152100;;;STARFRUIT;SEASHELLS;5057.0;1
152100;;;AMETHYSTS;SEASHELLS;10002.0;1
152400;;;AMETHYSTS;SEASHELLS;9998.0;1
152600;;;AMETHYSTS;SEASHELLS;9998.0;1
152700;;;AMETHYSTS;SEASHELLS;9996.0;1
152800;;;STARFRUIT;SEASHELLS;5056.0;1
153000;;;AMETHYSTS;SEASHELLS;9998.0;1
153200;;;AMETHYSTS;SEASHELLS;10002.0;2
153300;;;AMETHYSTS;SEASHELLS;9998.0;1
153500;;;STARFRUIT;SEASHELLS;5051.0;1
153600;;;STARFRUIT;SEASHELLS;5051.0;1
154000;;;STARFRUIT;SEASHELLS;5057.0;1
154200;;;AMETHYSTS;SEASHELLS;9996.0;1
154200;;;STARFRUIT;SEASHELLS;5052.0;1
154200;;;AMETHYSTS;SEASHELLS;9996.0;1
154200;;;STARFRUIT;SEASHELLS;5052.0;1
154900;;;STARFRUIT;SEASHELLS;5055.0;3
155100;;;STARFRUIT;SEASHELLS;5057.0;6
155100;;;STARFRUIT;SEASHELLS;5051.0;1
155200;;;STARFRUIT;SEASHELLS;5057.0;1
155200;;;STARFRUIT;SEASHELLS;5050.0;1
155200;;;AMETHYSTS;SEASHELLS;10004.0;1
155300;;;AMETHYSTS;SEASHELLS;9998.0;3
155600;;;STARFRUIT;SEASHELLS;5048.0;1
156000;;;STARFRUIT;SEASHELLS;5057.0;7
156100;;;AMETHYSTS;SEASHELLS;10002.0;1
156400;;;STARFRUIT;SEASHELLS;5054.0;5
156400;;;STARFRUIT;SEASHELLS;5056.0;15
156400;;;AMETHYSTS;SEASHELLS;9998.0;1
156400;;;AMETHYSTS;SEASHELLS;9998.0;2
156800;;;STARFRUIT;SEASHELLS;5054.0;5
156800;;;AMETHYSTS;SEASHELLS;9998.0;1
156800;;;STARFRUIT;SEASHELLS;5054.0;2
156800;;;AMETHYSTS;SEASHELLS;9998.0;1
156900;;;AMETHYSTS;SEASHELLS;9998.0;1
156900;;;STARFRUIT;SEASHELLS;5055.0;1
157100;;;AMETHYSTS;SEASHELLS;10002.0;1
157400;;;STARFRUIT;SEASHELLS;5055.0;8
157400;;;STARFRUIT;SEASHELLS;5055.0;1
157400;;;STARFRUIT;SEASHELLS;5049.0;1
157400;;;AMETHYSTS;SEASHELLS;9996.0;1
157400;;;STARFRUIT;SEASHELLS;5055.0;2
157600;;;STARFRUIT;SEASHELLS;5056.0;10
157700;;;STARFRUIT;SEASHELLS;5048.0;14
157800;;;AMETHYSTS;SEASHELLS;10002.0;1
158300;;;AMETHYSTS;SEASHELLS;9998.0;1
158400;;;STARFRUIT;SEASHELLS;5054.0;2
158400;;;AMETHYSTS;SEASHELLS;10004.0;1
158700;;;STARFRUIT;SEASHELLS;5053.0;1
158700;;;AMETHYSTS;SEASHELLS;9998.0;1
159000;;;STARFRUIT;SEASHELLS;5052.0;1
159200;;;STARFRUIT;SEASHELLS;5048.0;1
159300;;;STARFRUIT;SEASHELLS;5049.0;1
159400;;;STARFRUIT;SEASHELLS;5054.0;1
159400;;;AMETHYSTS;SEASHELLS;9998.0;1
159500;;;STARFRUIT;SEASHELLS;5053.0;1
159500;;;AMETHYSTS;SEASHELLS;9995.0;1
159700;;;STARFRUIT;SEASHELLS;5055.0;4
160000;;;AMETHYSTS;SEASHELLS;10005.0;12
160700;;;STARFRUIT;SEASHELLS;5048.0;4
161000;;;AMETHYSTS;SEASHELLS;9996.0;2
161000;;;STARFRUIT;SEASHELLS;5046.0;1
161000;;;STARFRUIT;SEASHELLS;5046.0;2
161500;;;STARFRUIT;SEASHELLS;5050.0;1
161600;;;AMETHYSTS;SEASHELLS;10002.0;1
163100;;;STARFRUIT;SEASHELLS;5050.0;6
163100;;;STARFRUIT;SEASHELLS;5050.0;5
163100;;;STARFRUIT;SEASHELLS;5045.0;1
163400;;;STARFRUIT;SEASHELLS;5052.0;2
163400;;;AMETHYSTS;SEASHELLS;10004.0;1
163400;;;STARFRUIT;SEASHELLS;5049.0;4
163400;;;AMETHYSTS;SEASHELLS;10004.0;1
163900;;;AMETHYSTS;SEASHELLS;10004.0;2
164000;;;STARFRUIT;SEASHELLS;5050.0;1
164000;;;STARFRUIT;SEASHELLS;5049.0;2
164200;;;STARFRUIT;SEASHELLS;5052.0;14
164400;;;STARFRUIT;SEASHELLS;5049.0;1
164600;;;AMETHYSTS;SEASHELLS;9998.0;1
164800;;;AMETHYSTS;SEASHELLS;10004.0;1
164800;;;AMETHYSTS;SEASHELLS;10004.0;3
164900;;;AMETHYSTS;SEASHELLS;10005.0;1
164900;;;STARFRUIT;SEASHELLS;5050.0;1
164900;;;STARFRUIT;SEASHELLS;5043.0;8
165600;;;STARFRUIT;SEASHELLS;5048.0;3
165700;;;STARFRUIT;SEASHELLS;5050.0;1
165800;;;STARFRUIT;SEASHELLS;5045.0;1
165800;;;STARFRUIT;SEASHELLS;5051.0;1
165800;;;AMETHYSTS;SEASHELLS;10004.0;1
165900;;;AMETHYSTS;SEASHELLS;9996.0;1
166000;;;STARFRUIT;SEASHELLS;5049.0;4
166200;;;AMETHYSTS;SEASHELLS;10002.0;1
166500;;;STARFRUIT;SEASHELLS;5045.0;1
167100;;;AMETHYSTS;SEASHELLS;9996.0;2
167100;;;STARFRUIT;SEASHELLS;5046.0;2
167400;;;STARFRUIT;SEASHELLS;5052.0;1
167800;;;STARFRUIT;SEASHELLS;5047.0;7
168200;;;AMETHYSTS;SEASHELLS;10005.0;2
168200;;;STARFRUIT;SEASHELLS;5052.0;2
168200;;;STARFRUIT;SEASHELLS;5047.0;14
168400;;;AMETHYSTS;SEASHELLS;10004.0;1
168400;;;AMETHYSTS;SEASHELLS;10004.0;9
168400;;;AMETHYSTS;SEASHELLS;9998.0;3
168700;;;STARFRUIT;SEASHELLS;5052.0;11
169000;;;STARFRUIT;SEASHELLS;5048.0;10
169000;;;AMETHYSTS;SEASHELLS;9998.0;1
169200;;;AMETHYSTS;SEASHELLS;9995.0;2
169200;;;STARFRUIT;SEASHELLS;5047.0;2
169900;;;AMETHYSTS;SEASHELLS;9998.0;2
170000;;;AMETHYSTS;SEASHELLS;9998.0;5
170100;;;STARFRUIT;SEASHELLS;5046.0;1
170200;;;AMETHYSTS;SEASHELLS;9998.0;1
171300;;;AMETHYSTS;SEASHELLS;9998.0;1
171600;;;AMETHYSTS;SEASHELLS;9998.0;1
171600;;;STARFRUIT;SEASHELLS;5051.0;1
171700;;;AMETHYSTS;SEASHELLS;10002.0;2
171800;;;AMETHYSTS;SEASHELLS;9995.0;1
171800;;;STARFRUIT;SEASHELLS;5051.0;1
172300;;;STARFRUIT;SEASHELLS;5047.0;14
172500;;;STARFRUIT;SEASHELLS;5047.0;9
172600;;;AMETHYSTS;SEASHELLS;10004.0;1
172600;;;STARFRUIT;SEASHELLS;5054.0;1
172800;;;STARFRUIT;SEASHELLS;5048.0;1
172900;;;AMETHYSTS;SEASHELLS;9998.0;2
173000;;;AMETHYSTS;SEASHELLS;9998.0;2
173000;;;STARFRUIT;SEASHELLS;5047.0;2
173100;;;STARFRUIT;SEASHELLS;5048.0;1
173300;;;AMETHYSTS;SEASHELLS;10004.0;1
173300;;;STARFRUIT;SEASHELLS;5055.0;15
173300;;;STARFRUIT;SEASHELLS;5055.0;2
173600;;;STARFRUIT;SEASHELLS;5053.0;1
174400;;;STARFRUIT;SEASHELLS;5051.0;3
174400;;;AMETHYSTS;SEASHELLS;10002.0;1
174400;;;STARFRUIT;SEASHELLS;5050.0;2
174600;;;AMETHYSTS;SEASHELLS;10002.0;1
174800;;;STARFRUIT;SEASHELLS;5050.0;1
175100;;;AMETHYSTS;SEASHELLS;10002.0;2
176300;;;AMETHYSTS;SEASHELLS;10005.0;3
176700;;;STARFRUIT;SEASHELLS;5052.0;2
176700;;;AMETHYSTS;SEASHELLS;9998.0;2
176700;;;AMETHYSTS;SEASHELLS;9998.0;2
177000;;;STARFRUIT;SEASHELLS;5052.0;1
177600;;;AMETHYSTS;SEASHELLS;10005.0;6
177900;;;AMETHYSTS;SEASHELLS;10004.0;1
177900;;;STARFRUIT;SEASHELLS;5058.0;1
178100;;;STARFRUIT;SEASHELLS;5056.0;4
178800;;;STARFRUIT;SEASHELLS;5052.0;1
179000;;;STARFRUIT;SEASHELLS;5059.0;13
179500;;;AMETHYSTS;SEASHELLS;10002.0;1
179600;;;STARFRUIT;SEASHELLS;5057.0;1
179900;;;AMETHYSTS;SEASHELLS;10002.0;4
180000;;;AMETHYSTS;SEASHELLS;9998.0;1
180100;;;STARFRUIT;SEASHELLS;5058.0;7
180300;;;STARFRUIT;SEASHELLS;5051.0;1
180400;;;STARFRUIT;SEASHELLS;5057.0;1
180600;;;AMETHYSTS;SEASHELLS;10002.0;1
180900;;;STARFRUIT;SEASHELLS;5058.0;2
180900;;;AMETHYSTS;SEASHELLS;10004.0;1
180900;;;AMETHYSTS;SEASHELLS;10004.0;1
181600;;;AMETHYSTS;SEASHELLS;10002.0;3
181700;;;STARFRUIT;SEASHELLS;5056.0;13
182200;;;STARFRUIT;SEASHELLS;5053.0;1
182500;;;AMETHYSTS;SEASHELLS;10002.0;1
182500;;;STARFRUIT;SEASHELLS;5053.0;1
182800;;;AMETHYSTS;SEASHELLS;10002.0;1
182900;;;STARFRUIT;SEASHELLS;5055.0;15
183300;;;STARFRUIT;SEASHELLS;5049.0;1
183400;;;AMETHYSTS;SEASHELLS;9998.0;10
183400;;;AMETHYSTS;SEASHELLS;9998.0;2
183600;;;AMETHYSTS;SEASHELLS;10002.0;1
183600;;;STARFRUIT;SEASHELLS;5053.0;7
183800;;;STARFRUIT;SEASHELLS;5048.0;1
184800;;;STARFRUIT;SEASHELLS;5053.0;1
184800;;;AMETHYSTS;SEASHELLS;9998.0;1
185000;;;AMETHYSTS;SEASHELLS;9996.0;1
185000;;;STARFRUIT;SEASHELLS;5049.0;1
185500;;;STARFRUIT;SEASHELLS;5048.0;2
185500;;;AMETHYSTS;SEASHELLS;9996.0;2
185600;;;STARFRUIT;SEASHELLS;5048.0;12
185800;;;STARFRUIT;SEASHELLS;5053.0;1
186200;;;AMETHYSTS;SEASHELLS;10002.0;5
186700;;;AMETHYSTS;SEASHELLS;9996.0;11
186700;;;AMETHYSTS;SEASHELLS;9996.0;1
187000;;;STARFRUIT;SEASHELLS;5050.0;1
187200;;;AMETHYSTS;SEASHELLS;9998.0;3
187300;;;STARFRUIT;SEASHELLS;5050.0;1
187300;;;AMETHYSTS;SEASHELLS;9995.0;1
187600;;;STARFRUIT;SEASHELLS;5049.0;1
187600;;;AMETHYSTS;SEASHELLS;10002.0;1
187900;;;AMETHYSTS;SEASHELLS;10004.0;2
187900;;;AMETHYSTS;SEASHELLS;9998.0;4
188200;;;STARFRUIT;SEASHELLS;5053.0;3
188200;;;AMETHYSTS;SEASHELLS;9996.0;1
188200;;;STARFRUIT;SEASHELLS;5050.0;1
188200;;;AMETHYSTS;SEASHELLS;9998.0;1
188500;;;AMETHYSTS;SEASHELLS;10005.0;1
188500;;;STARFRUIT;SEASHELLS;5056.0;1
189200;;;AMETHYSTS;SEASHELLS;9996.0;2
189600;;;AMETHYSTS;SEASHELLS;10002.0;2
189600;;;STARFRUIT;SEASHELLS;5052.0;2
189800;;;AMETHYSTS;SEASHELLS;9998.0;1
190000;;;AMETHYSTS;SEASHELLS;9998.0;1
190200;;;STARFRUIT;SEASHELLS;5048.0;1
190300;;;AMETHYSTS;SEASHELLS;9996.0;2
190800;;;STARFRUIT;SEASHELLS;5050.0;4
190900;;;AMETHYSTS;SEASHELLS;9995.0;2
190900;;;STARFRUIT;SEASHELLS;5045.0;2
192200;;;STARFRUIT;SEASHELLS;5050.0;1
192400;;;STARFRUIT;SEASHELLS;5053.0;15
192900;;;STARFRUIT;SEASHELLS;5048.0;2
192900;;;STARFRUIT;SEASHELLS;5048.0;2
193000;;;AMETHYSTS;SEASHELLS;9995.0;1
193000;;;STARFRUIT;SEASHELLS;5047.0;1
193100;;;STARFRUIT;SEASHELLS;5047.0;1
193200;;;STARFRUIT;SEASHELLS;5051.0;1
193700;;;STARFRUIT;SEASHELLS;5052.0;8
193700;;;AMETHYSTS;SEASHELLS;10005.0;11
193800;;;AMETHYSTS;SEASHELLS;9998.0;1
193900;;;AMETHYSTS;SEASHELLS;9996.0;2
193900;;;STARFRUIT;SEASHELLS;5052.0;1
194000;;;STARFRUIT;SEASHELLS;5054.0;1
194200;;;AMETHYSTS;SEASHELLS;10002.0;1
194200;;;STARFRUIT;SEASHELLS;5049.0;1
194300;;;STARFRUIT;SEASHELLS;5048.0;1
194800;;;STARFRUIT;SEASHELLS;5048.0;1
194800;;;AMETHYSTS;SEASHELLS;9995.0;1
195100;;;AMETHYSTS;SEASHELLS;9996.0;1
195300;;;STARFRUIT;SEASHELLS;5052.0;3
195500;;;STARFRUIT;SEASHELLS;5047.0;1
195600;;;AMETHYSTS;SEASHELLS;10004.0;2
195600;;;STARFRUIT;SEASHELLS;5049.0;2
195700;;;STARFRUIT;SEASHELLS;5051.0;5
196100;;;STARFRUIT;SEASHELLS;5052.0;6
196700;;;STARFRUIT;SEASHELLS;5052.0;1
197000;;;AMETHYSTS;SEASHELLS;9998.0;1
197100;;;AMETHYSTS;SEASHELLS;10002.0;1
197400;;;AMETHYSTS;SEASHELLS;9996.0;1
197500;;;AMETHYSTS;SEASHELLS;9998.0;5
197700;;;STARFRUIT;SEASHELLS;5047.0;1
197700;;;AMETHYSTS;SEASHELLS;9995.0;1
198000;;;STARFRUIT;SEASHELLS;5048.0;1
198400;;;AMETHYSTS;SEASHELLS;9998.0;1
198400;;;STARFRUIT;SEASHELLS;5048.0;2
198500;;;AMETHYSTS;SEASHELLS;10002.0;3
199000;;;STARFRUIT;SEASHELLS;5047.0;1
199300;;;STARFRUIT;SEASHELLS;5053.0;1
199400;;;AMETHYSTS;SEASHELLS;10002.0;3
199400;;;AMETHYSTS;SEASHELLS;10002.0;1
199700;;;AMETHYSTS;SEASHELLS;10002.0;1
200100;;;STARFRUIT;SEASHELLS;5048.0;2
200100;;;AMETHYSTS;SEASHELLS;10002.0;5
200200;;;STARFRUIT;SEASHELLS;5047.0;15
200300;;;STARFRUIT;SEASHELLS;5048.0;1
200300;;;AMETHYSTS;SEASHELLS;10004.0;2
200400;;;STARFRUIT;SEASHELLS;5054.0;1
200400;;;AMETHYSTS;SEASHELLS;10004.0;1
200800;;;AMETHYSTS;SEASHELLS;10002.0;1
200900;;;STARFRUIT;SEASHELLS;5047.0;1
201800;;;AMETHYSTS;SEASHELLS;9998.0;3
202000;;;AMETHYSTS;SEASHELLS;10002.0;3
202100;;;STARFRUIT;SEASHELLS;5048.0;1
202200;;;AMETHYSTS;SEASHELLS;10002.0;5
202600;;;AMETHYSTS;SEASHELLS;10002.0;4
203000;;;STARFRUIT;SEASHELLS;5052.0;1
203300;;;AMETHYSTS;SEASHELLS;9996.0;2
203700;;;STARFRUIT;SEASHELLS;5051.0;1
203900;;;STARFRUIT;SEASHELLS;5050.0;2
203900;;;AMETHYSTS;SEASHELLS;10004.0;1
204000;;;STARFRUIT;SEASHELLS;5049.0;2
204200;;;STARFRUIT;SEASHELLS;5050.0;1
204400;;;STARFRUIT;SEASHELLS;5050.0;1
204500;;;STARFRUIT;SEASHELLS;5050.0;1
204800;;;AMETHYSTS;SEASHELLS;10004.0;7
204800;;;AMETHYSTS;SEASHELLS;10004.0;1
205000;;;AMETHYSTS;SEASHELLS;10004.0;2
205000;;;STARFRUIT;SEASHELLS;5044.0;1
205000;;;STARFRUIT;SEASHELLS;5050.0;2
205400;;;STARFRUIT;SEASHELLS;5050.0;1
205800;;;AMETHYSTS;SEASHELLS;10002.0;1
206400;;;AMETHYSTS;SEASHELLS;9996.0;2
206400;;;STARFRUIT;SEASHELLS;5044.0;2
206700;;;STARFRUIT;SEASHELLS;5045.0;5
207000;;;STARFRUIT;SEASHELLS;5043.0;1
207000;;;AMETHYSTS;SEASHELLS;9998.0;1
207300;;;STARFRUIT;SEASHELLS;5050.0;1
207300;;;AMETHYSTS;SEASHELLS;10004.0;1
207500;;;AMETHYSTS;SEASHELLS;9996.0;2
207500;;;AMETHYSTS;SEASHELLS;9996.0;5
207600;;;STARFRUIT;SEASHELLS;5048.0;8
207800;;;STARFRUIT;SEASHELLS;5051.0;15
207800;;;STARFRUIT;SEASHELLS;5050.0;1
208000;;;AMETHYSTS;SEASHELLS;10004.0;1
208000;;;STARFRUIT;SEASHELLS;5052.0;1
208100;;;STARFRUIT;SEASHELLS;5046.0;1
208100;;;AMETHYSTS;SEASHELLS;9998.0;1
208100;;;STARFRUIT;SEASHELLS;5046.0;3
208300;;;STARFRUIT;SEASHELLS;5044.0;1
208700;;;STARFRUIT;SEASHELLS;5045.0;1
208900;;;STARFRUIT;SEASHELLS;5046.0;1
208900;;;STARFRUIT;SEASHELLS;5046.0;2
209000;;;STARFRUIT;SEASHELLS;5050.0;1
209700;;;AMETHYSTS;SEASHELLS;9996.0;2
209700;;;AMETHYSTS;SEASHELLS;9996.0;5
209700;;;STARFRUIT;SEASHELLS;5046.0;1
209900;;;AMETHYSTS;SEASHELLS;9998.0;1
210000;;;STARFRUIT;SEASHELLS;5046.0;3
210100;;;STARFRUIT;SEASHELLS;5045.0;1
210300;;;STARFRUIT;SEASHELLS;5051.0;1
210300;;;STARFRUIT;SEASHELLS;5045.0;1
210300;;;AMETHYSTS;SEASHELLS;10002.0;1
210400;;;STARFRUIT;SEASHELLS;5045.0;1
210600;;;AMETHYSTS;SEASHELLS;9995.0;1
210600;;;STARFRUIT;SEASHELLS;5045.0;1
210700;;;STARFRUIT;SEASHELLS;5045.0;1
210700;;;AMETHYSTS;SEASHELLS;9996.0;1
211100;;;AMETHYSTS;SEASHELLS;10002.0;1
211100;;;STARFRUIT;SEASHELLS;5053.0;1
211300;;;STARFRUIT;SEASHELLS;5053.0;11
211300;;;AMETHYSTS;SEASHELLS;9998.0;1
211400;;;AMETHYSTS;SEASHELLS;9996.0;1
211400;;;AMETHYSTS;SEASHELLS;9996.0;2
211500;;;STARFRUIT;SEASHELLS;5047.0;2
211500;;;STARFRUIT;SEASHELLS;5047.0;6
211800;;;STARFRUIT;SEASHELLS;5046.0;1
212000;;;STARFRUIT;SEASHELLS;5045.0;9
212300;;;AMETHYSTS;SEASHELLS;9998.0;1
212300;;;STARFRUIT;SEASHELLS;5053.0;1
212300;;;STARFRUIT;SEASHELLS;5051.0;5
212300;;;STARFRUIT;SEASHELLS;5053.0;13
212500;;;STARFRUIT;SEASHELLS;5051.0;1
212500;;;STARFRUIT;SEASHELLS;5051.0;6
212800;;;STARFRUIT;SEASHELLS;5046.0;1
213000;;;AMETHYSTS;SEASHELLS;9998.0;1
213900;;;AMETHYSTS;SEASHELLS;9998.0;3
213900;;;STARFRUIT;SEASHELLS;5046.0;1
214100;;;AMETHYSTS;SEASHELLS;9998.0;1
214100;;;AMETHYSTS;SEASHELLS;9998.0;1
214500;;;AMETHYSTS;SEASHELLS;9998.0;3
214500;;;AMETHYSTS;SEASHELLS;9998.0;1
214700;;;AMETHYSTS;SEASHELLS;9996.0;2
214800;;;STARFRUIT;SEASHELLS;5046.0;2
214800;;;STARFRUIT;SEASHELLS;5046.0;3
215100;;;AMETHYSTS;SEASHELLS;9998.0;1
215800;;;STARFRUIT;SEASHELLS;5046.0;1
215900;;;STARFRUIT;SEASHELLS;5046.0;7
216000;;;STARFRUIT;SEASHELLS;5051.0;8
216000;;;STARFRUIT;SEASHELLS;5046.0;1
216000;;;STARFRUIT;SEASHELLS;5051.0;1
216100;;;AMETHYSTS;SEASHELLS;10002.0;1
216400;;;STARFRUIT;SEASHELLS;5048.0;3
216500;;;STARFRUIT;SEASHELLS;5047.0;1
216600;;;AMETHYSTS;SEASHELLS;9998.0;1
216600;;;STARFRUIT;SEASHELLS;5051.0;7
216600;;;STARFRUIT;SEASHELLS;5051.0;5
217100;;;AMETHYSTS;SEASHELLS;9996.0;1
217400;;;STARFRUIT;SEASHELLS;5046.0;4
217500;;;AMETHYSTS;SEASHELLS;9996.0;1
217500;;;STARFRUIT;SEASHELLS;5045.0;1
217700;;;STARFRUIT;SEASHELLS;5051.0;1
217800;;;AMETHYSTS;SEASHELLS;9996.0;1
218200;;;STARFRUIT;SEASHELLS;5045.0;1
218700;;;STARFRUIT;SEASHELLS;5050.0;1
219400;;;AMETHYSTS;SEASHELLS;10004.0;1
219400;;;STARFRUIT;SEASHELLS;5049.0;1
219400;;;STARFRUIT;SEASHELLS;5048.0;1
219600;;;STARFRUIT;SEASHELLS;5049.0;1
220500;;;STARFRUIT;SEASHELLS;5045.0;3
221000;;;STARFRUIT;SEASHELLS;5050.0;10
221100;;;AMETHYSTS;SEASHELLS;10002.0;1
221100;;;STARFRUIT;SEASHELLS;5049.0;1
221200;;;STARFRUIT;SEASHELLS;5042.0;1
221200;;;AMETHYSTS;SEASHELLS;10002.0;1
221800;;;STARFRUIT;SEASHELLS;5046.0;5
222200;;;AMETHYSTS;SEASHELLS;9998.0;2
222800;;;STARFRUIT;SEASHELLS;5047.0;1
223000;;;STARFRUIT;SEASHELLS;5041.0;5
223100;;;AMETHYSTS;SEASHELLS;9998.0;2
223600;;;AMETHYSTS;SEASHELLS;10002.0;1
223700;;;AMETHYSTS;SEASHELLS;10005.0;1
223700;;;STARFRUIT;SEASHELLS;5048.0;1
223800;;;STARFRUIT;SEASHELLS;5042.0;1
223800;;;AMETHYSTS;SEASHELLS;10002.0;1
224400;;;STARFRUIT;SEASHELLS;5043.0;11
224500;;;STARFRUIT;SEASHELLS;5048.0;4
224500;;;AMETHYSTS;SEASHELLS;10002.0;1
224600;;;AMETHYSTS;SEASHELLS;10004.0;1
224600;;;STARFRUIT;SEASHELLS;5051.0;1
224600;;;AMETHYSTS;SEASHELLS;10005.0;1
225000;;;AMETHYSTS;SEASHELLS;9996.0;1
225500;;;STARFRUIT;SEASHELLS;5044.0;1
225700;;;AMETHYSTS;SEASHELLS;10002.0;1
225700;;;STARFRUIT;SEASHELLS;5044.0;1
226100;;;AMETHYSTS;SEASHELLS;9998.0;4
226100;;;AMETHYSTS;SEASHELLS;9998.0;1
226700;;;STARFRUIT;SEASHELLS;5046.0;2
226700;;;AMETHYSTS;SEASHELLS;9998.0;2
226800;;;STARFRUIT;SEASHELLS;5047.0;5
227100;;;STARFRUIT;SEASHELLS;5046.0;1
227300;;;AMETHYSTS;SEASHELLS;9998.0;1
227700;;;STARFRUIT;SEASHELLS;5047.0;1
227700;;;AMETHYSTS;SEASHELLS;9996.0;1
228300;;;STARFRUIT;SEASHELLS;5048.0;1
228300;;;STARFRUIT;SEASHELLS;5048.0;6
228400;;;STARFRUIT;SEASHELLS;5048.0;1
229400;;;AMETHYSTS;SEASHELLS;9998.0;1
229600;;;AMETHYSTS;SEASHELLS;10002.0;1
229700;;;STARFRUIT;SEASHELLS;5051.0;1
229900;;;STARFRUIT;SEASHELLS;5046.0;2
230100;;;STARFRUIT;SEASHELLS;5047.0;1
230100;;;STARFRUIT;SEASHELLS;5047.0;1
230300;;;AMETHYSTS;SEASHELLS;9996.0;1
230300;;;AMETHYSTS;SEASHELLS;9996.0;9
230400;;;AMETHYSTS;SEASHELLS;10002.0;1
230400;;;STARFRUIT;SEASHELLS;5052.0;1
230500;;;STARFRUIT;SEASHELLS;5046.0;1
230900;;;AMETHYSTS;SEASHELLS;10004.0;1
230900;;;STARFRUIT;SEASHELLS;5051.0;1
231100;;;STARFRUIT;SEASHELLS;5048.0;5
231300;;;AMETHYSTS;SEASHELLS;9998.0;1
231400;;;STARFRUIT;SEASHELLS;5049.0;2
231700;;;AMETHYSTS;SEASHELLS;10000.0;4
231700;;;STARFRUIT;SEASHELLS;5049.0;4
231700;;;STARFRUIT;SEASHELLS;5046.0;1
232000;;;STARFRUIT;SEASHELLS;5051.0;9
232100;;;AMETHYSTS;SEASHELLS;10002.0;1
232300;;;AMETHYSTS;SEASHELLS;10002.0;1
232300;;;STARFRUIT;SEASHELLS;5053.0;1
232600;;;STARFRUIT;SEASHELLS;5053.0;1
232600;;;AMETHYSTS;SEASHELLS;9998.0;2
232600;;;AMETHYSTS;SEASHELLS;9998.0;1
234200;;;STARFRUIT;SEASHELLS;5044.0;1
234300;;;AMETHYSTS;SEASHELLS;9995.0;1
234300;;;STARFRUIT;SEASHELLS;5045.0;1
234500;;;AMETHYSTS;SEASHELLS;9998.0;1
234700;;;STARFRUIT;SEASHELLS;5051.0;2
234700;;;STARFRUIT;SEASHELLS;5049.0;4
234700;;;AMETHYSTS;SEASHELLS;10004.0;1
234700;;;AMETHYSTS;SEASHELLS;10004.0;1
234800;;;AMETHYSTS;SEASHELLS;9998.0;1
235200;;;AMETHYSTS;SEASHELLS;9995.0;8
235500;;;STARFRUIT;SEASHELLS;5045.0;1
235900;;;STARFRUIT;SEASHELLS;5046.0;3
236200;;;AMETHYSTS;SEASHELLS;9998.0;1
236400;;;AMETHYSTS;SEASHELLS;9998.0;1
236800;;;AMETHYSTS;SEASHELLS;9998.0;1
237000;;;AMETHYSTS;SEASHELLS;9998.0;1
237000;;;AMETHYSTS;SEASHELLS;9998.0;3
237000;;;STARFRUIT;SEASHELLS;5054.0;1
237300;;;STARFRUIT;SEASHELLS;5046.0;1
237300;;;AMETHYSTS;SEASHELLS;9996.0;1
237300;;;STARFRUIT;SEASHELLS;5047.0;1
237400;;;AMETHYSTS;SEASHELLS;9998.0;1
237400;;;STARFRUIT;SEASHELLS;5046.0;1
237700;;;AMETHYSTS;SEASHELLS;9998.0;1
238000;;;STARFRUIT;SEASHELLS;5046.0;1
238300;;;AMETHYSTS;SEASHELLS;9998.0;5
238600;;;STARFRUIT;SEASHELLS;5045.0;8
238700;;;STARFRUIT;SEASHELLS;5046.0;1
238700;;;STARFRUIT;SEASHELLS;5052.0;1
238700;;;AMETHYSTS;SEASHELLS;10002.0;1
238700;;;AMETHYSTS;SEASHELLS;10004.0;1
238800;;;STARFRUIT;SEASHELLS;5052.0;2
238800;;;STARFRUIT;SEASHELLS;5052.0;12
239300;;;AMETHYSTS;SEASHELLS;10005.0;1
239300;;;STARFRUIT;SEASHELLS;5051.0;1
239300;;;AMETHYSTS;SEASHELLS;10004.0;8
239300;;;AMETHYSTS;SEASHELLS;10004.0;1
240100;;;AMETHYSTS;SEASHELLS;9998.0;3
240100;;;STARFRUIT;SEASHELLS;5051.0;3
240200;;;AMETHYSTS;SEASHELLS;10002.0;5
240200;;;AMETHYSTS;SEASHELLS;10000.0;2
240700;;;STARFRUIT;SEASHELLS;5052.0;1
241000;;;STARFRUIT;SEASHELLS;5053.0;6
241000;;;AMETHYSTS;SEASHELLS;9998.0;5
241200;;;AMETHYSTS;SEASHELLS;10004.0;2
241200;;;AMETHYSTS;SEASHELLS;10004.0;6
241300;;;STARFRUIT;SEASHELLS;5047.0;4
241400;;;AMETHYSTS;SEASHELLS;9998.0;1
241600;;;STARFRUIT;SEASHELLS;5048.0;4
242000;;;AMETHYSTS;SEASHELLS;9998.0;1
242400;;;AMETHYSTS;SEASHELLS;10004.0;1
242800;;;STARFRUIT;SEASHELLS;5053.0;7
243100;;;STARFRUIT;SEASHELLS;5051.0;3
243500;;;AMETHYSTS;SEASHELLS;10002.0;1
243600;;;AMETHYSTS;SEASHELLS;9998.0;1
243900;;;AMETHYSTS;SEASHELLS;9998.0;1
244100;;;STARFRUIT;SEASHELLS;5047.0;1
244100;;;AMETHYSTS;SEASHELLS;9996.0;1
244300;;;STARFRUIT;SEASHELLS;5047.0;1
244300;;;STARFRUIT;SEASHELLS;5048.0;7
244500;;;STARFRUIT;SEASHELLS;5046.0;11
244900;;;STARFRUIT;SEASHELLS;5047.0;2
244900;;;STARFRUIT;SEASHELLS;5046.0;14
245300;;;AMETHYSTS;SEASHELLS;10002.0;1
245700;;;STARFRUIT;SEASHELLS;5053.0;14
246000;;;STARFRUIT;SEASHELLS;5052.0;1
246100;;;STARFRUIT;SEASHELLS;5046.0;14
246800;;;STARFRUIT;SEASHELLS;5046.0;1
247000;;;AMETHYSTS;SEASHELLS;10002.0;5
247000;;;STARFRUIT;SEASHELLS;5045.0;1
247200;;;STARFRUIT;SEASHELLS;5049.0;1
247500;;;AMETHYSTS;SEASHELLS;9995.0;8
247600;;;AMETHYSTS;SEASHELLS;9995.0;7
248100;;;STARFRUIT;SEASHELLS;5044.0;2
248100;;;AMETHYSTS;SEASHELLS;9998.0;2
248100;;;STARFRUIT;SEASHELLS;5050.0;1
248100;;;STARFRUIT;SEASHELLS;5051.0;9
248200;;;STARFRUIT;SEASHELLS;5045.0;1
248300;;;STARFRUIT;SEASHELLS;5049.0;8
248400;;;AMETHYSTS;SEASHELLS;10005.0;2
248400;;;STARFRUIT;SEASHELLS;5052.0;2
248600;;;STARFRUIT;SEASHELLS;5050.0;5
248700;;;AMETHYSTS;SEASHELLS;10005.0;4
248800;;;STARFRUIT;SEASHELLS;5046.0;1
248900;;;STARFRUIT;SEASHELLS;5046.0;1
249100;;;AMETHYSTS;SEASHELLS;9998.0;1
249200;;;STARFRUIT;SEASHELLS;5050.0;4
249400;;;AMETHYSTS;SEASHELLS;9998.0;4
249400;;;STARFRUIT;SEASHELLS;5047.0;1
249500;;;AMETHYSTS;SEASHELLS;9998.0;1
249600;;;STARFRUIT;SEASHELLS;5048.0;5
249600;;;STARFRUIT;SEASHELLS;5048.0;2
249700;;;AMETHYSTS;SEASHELLS;10002.0;1
249700;;;AMETHYSTS;SEASHELLS;9996.0;1
249800;;;STARFRUIT;SEASHELLS;5054.0;6
250000;;;AMETHYSTS;SEASHELLS;10002.0;5
250100;;;STARFRUIT;SEASHELLS;5047.0;15
250200;;;AMETHYSTS;SEASHELLS;9995.0;9
250400;;;STARFRUIT;SEASHELLS;5054.0;2
250400;;;AMETHYSTS;SEASHELLS;9998.0;1
250700;;;STARFRUIT;SEASHELLS;5051.0;4
251400;;;STARFRUIT;SEASHELLS;5051.0;4
251400;;;STARFRUIT;SEASHELLS;5054.0;1
251700;;;STARFRUIT;SEASHELLS;5054.0;1
252000;;;AMETHYSTS;SEASHELLS;9998.0;1
252000;;;STARFRUIT;SEASHELLS;5049.0;1
252100;;;STARFRUIT;SEASHELLS;5050.0;3
252700;;;STARFRUIT;SEASHELLS;5054.0;1
252800;;;AMETHYSTS;SEASHELLS;10004.0;1
252800;;;STARFRUIT;SEASHELLS;5055.0;1
253100;;;STARFRUIT;SEASHELLS;5054.0;1
253100;;;AMETHYSTS;SEASHELLS;10004.0;1
253400;;;STARFRUIT;SEASHELLS;5047.0;1
253600;;;STARFRUIT;SEASHELLS;5053.0;1
253800;;;AMETHYSTS;SEASHELLS;10002.0;1
254000;;;STARFRUIT;SEASHELLS;5048.0;1
254200;;;AMETHYSTS;SEASHELLS;10004.0;1
254200;;;AMETHYSTS;SEASHELLS;10004.0;10
254800;;;AMETHYSTS;SEASHELLS;9996.0;2
254900;;;AMETHYSTS;SEASHELLS;9998.0;2
255100;;;AMETHYSTS;SEASHELLS;9998.0;1
255500;;;STARFRUIT;SEASHELLS;5054.0;1
255500;;;AMETHYSTS;SEASHELLS;10005.0;1
255500;;;STARFRUIT;SEASHELLS;5047.0;1
255800;;;AMETHYSTS;SEASHELLS;9998.0;5
255800;;;STARFRUIT;SEASHELLS;5050.0;5
255800;;;STARFRUIT;SEASHELLS;5047.0;5
255900;;;AMETHYSTS;SEASHELLS;9998.0;1
256000;;;STARFRUIT;SEASHELLS;5051.0;1
256100;;;AMETHYSTS;SEASHELLS;9998.0;4
256100;;;STARFRUIT;SEASHELLS;5046.0;1
256200;;;STARFRUIT;SEASHELLS;5050.0;1
256400;;;STARFRUIT;SEASHELLS;5045.0;1
256500;;;STARFRUIT;SEASHELLS;5045.0;1
257200;;;STARFRUIT;SEASHELLS;5045.0;1
257400;;;AMETHYSTS;SEASHELLS;9998.0;4
257500;;;AMETHYSTS;SEASHELLS;10002.0;1
257800;;;AMETHYSTS;SEASHELLS;9995.0;6
257900;;;AMETHYSTS;SEASHELLS;9998.0;1
257900;;;STARFRUIT;SEASHELLS;5051.0;2
258000;;;AMETHYSTS;SEASHELLS;9998.0;5
258200;;;STARFRUIT;SEASHELLS;5046.0;14
258500;;;AMETHYSTS;SEASHELLS;10002.0;2
258500;;;AMETHYSTS;SEASHELLS;10002.0;2
258500;;;STARFRUIT;SEASHELLS;5054.0;2
258900;;;AMETHYSTS;SEASHELLS;10002.0;1
259000;;;AMETHYSTS;SEASHELLS;10004.0;2
259000;;;STARFRUIT;SEASHELLS;5054.0;2
259400;;;STARFRUIT;SEASHELLS;5047.0;1
259700;;;STARFRUIT;SEASHELLS;5047.0;1
260300;;;AMETHYSTS;SEASHELLS;10002.0;1
260700;;;AMETHYSTS;SEASHELLS;9998.0;1
260700;;;STARFRUIT;SEASHELLS;5047.0;1
260800;;;STARFRUIT;SEASHELLS;5052.0;1
261000;;;STARFRUIT;SEASHELLS;5048.0;5
261100;;;STARFRUIT;SEASHELLS;5047.0;10
261200;;;STARFRUIT;SEASHELLS;5053.0;1
261400;;;STARFRUIT;SEASHELLS;5048.0;1
261600;;;AMETHYSTS;SEASHELLS;9998.0;5
261800;;;STARFRUIT;SEASHELLS;5046.0;1
261800;;;AMETHYSTS;SEASHELLS;9995.0;1
262100;;;STARFRUIT;SEASHELLS;5048.0;1
262100;;;AMETHYSTS;SEASHELLS;10002.0;1
262700;;;STARFRUIT;SEASHELLS;5048.0;1
263200;;;AMETHYSTS;SEASHELLS;10004.0;2
263300;;;AMETHYSTS;SEASHELLS;9998.0;2
263300;;;AMETHYSTS;SEASHELLS;9998.0;1
263900;;;AMETHYSTS;SEASHELLS;10002.0;1
263900;;;AMETHYSTS;SEASHELLS;10002.0;4
264100;;;AMETHYSTS;SEASHELLS;10005.0;2
264100;;;STARFRUIT;SEASHELLS;5055.0;2
264300;;;STARFRUIT;SEASHELLS;5049.0;4
264500;;;AMETHYSTS;SEASHELLS;9998.0;1
264500;;;STARFRUIT;SEASHELLS;5050.0;2
264700;;;AMETHYSTS;SEASHELLS;9998.0;1
264700;;;STARFRUIT;SEASHELLS;5053.0;10
264700;;;AMETHYSTS;SEASHELLS;9998.0;4
264700;;;STARFRUIT;SEASHELLS;5053.0;3
264800;;;AMETHYSTS;SEASHELLS;10004.0;2
265200;;;STARFRUIT;SEASHELLS;5055.0;1
265600;;;AMETHYSTS;SEASHELLS;9998.0;1
265900;;;AMETHYSTS;SEASHELLS;9995.0;4
266000;;;AMETHYSTS;SEASHELLS;9998.0;1
266100;;;STARFRUIT;SEASHELLS;5056.0;1
266700;;;STARFRUIT;SEASHELLS;5056.0;2
266700;;;AMETHYSTS;SEASHELLS;10005.0;2
267100;;;AMETHYSTS;SEASHELLS;10002.0;2
267900;;;AMETHYSTS;SEASHELLS;10004.0;1
267900;;;AMETHYSTS;SEASHELLS;10004.0;4
268200;;;STARFRUIT;SEASHELLS;5049.0;1
268200;;;STARFRUIT;SEASHELLS;5056.0;2
268200;;;AMETHYSTS;SEASHELLS;10005.0;2
268300;;;STARFRUIT;SEASHELLS;5048.0;1
268300;;;AMETHYSTS;SEASHELLS;9995.0;1
268400;;;STARFRUIT;SEASHELLS;5054.0;1
268500;;;STARFRUIT;SEASHELLS;5048.0;1
269200;;;STARFRUIT;SEASHELLS;5054.0;1
269400;;;STARFRUIT;SEASHELLS;5049.0;1
269700;;;STARFRUIT;SEASHELLS;5054.0;1
270100;;;AMETHYSTS;SEASHELLS;9996.0;4
270100;;;AMETHYSTS;SEASHELLS;9996.0;2
270100;;;AMETHYSTS;SEASHELLS;9998.0;1
270300;;;STARFRUIT;SEASHELLS;5057.0;6
270500;;;AMETHYSTS;SEASHELLS;10002.0;1
270500;;;STARFRUIT;SEASHELLS;5054.0;1
271200;;;STARFRUIT;SEASHELLS;5053.0;1
271400;;;AMETHYSTS;SEASHELLS;10002.0;1
271500;;;AMETHYSTS;SEASHELLS;10005.0;6
272500;;;AMETHYSTS;SEASHELLS;9996.0;2
272500;;;STARFRUIT;SEASHELLS;5045.0;2
272900;;;STARFRUIT;SEASHELLS;5047.0;1
273100;;;AMETHYSTS;SEASHELLS;10002.0;2
273400;;;STARFRUIT;SEASHELLS;5046.0;15
273500;;;AMETHYSTS;SEASHELLS;10002.0;1
273500;;;AMETHYSTS;SEASHELLS;9995.0;10
273700;;;AMETHYSTS;SEASHELLS;10004.0;1
274000;;;AMETHYSTS;SEASHELLS;9996.0;1
274300;;;AMETHYSTS;SEASHELLS;10004.0;1
274300;;;STARFRUIT;SEASHELLS;5051.0;1
274700;;;STARFRUIT;SEASHELLS;5050.0;5
274900;;;AMETHYSTS;SEASHELLS;9996.0;2
274900;;;STARFRUIT;SEASHELLS;5045.0;2
275500;;;AMETHYSTS;SEASHELLS;9996.0;1
275600;;;AMETHYSTS;SEASHELLS;9998.0;1
275700;;;AMETHYSTS;SEASHELLS;9998.0;1
276300;;;STARFRUIT;SEASHELLS;5052.0;1
276300;;;AMETHYSTS;SEASHELLS;10004.0;1
276800;;;STARFRUIT;SEASHELLS;5045.0;15
277300;;;STARFRUIT;SEASHELLS;5045.0;4
277600;;;STARFRUIT;SEASHELLS;5045.0;1
277800;;;AMETHYSTS;SEASHELLS;10002.0;1
278000;;;STARFRUIT;SEASHELLS;5048.0;1
278000;;;AMETHYSTS;SEASHELLS;9996.0;1
278000;;;STARFRUIT;SEASHELLS;5048.0;2
278100;;;STARFRUIT;SEASHELLS;5047.0;1
278500;;;STARFRUIT;SEASHELLS;5053.0;1
278700;;;AMETHYSTS;SEASHELLS;10002.0;1
278700;;;STARFRUIT;SEASHELLS;5053.0;1
278700;;;AMETHYSTS;SEASHELLS;10002.0;1
278700;;;STARFRUIT;SEASHELLS;5052.0;3
279000;;;STARFRUIT;SEASHELLS;5053.0;1
279300;;;STARFRUIT;SEASHELLS;5049.0;1
279600;;;STARFRUIT;SEASHELLS;5049.0;1
279600;;;AMETHYSTS;SEASHELLS;10002.0;1
280000;;;AMETHYSTS;SEASHELLS;9996.0;1
280000;;;AMETHYSTS;SEASHELLS;9996.0;1
280500;;;STARFRUIT;SEASHELLS;5047.0;2
280500;;;AMETHYSTS;SEASHELLS;9996.0;1
280500;;;STARFRUIT;SEASHELLS;5048.0;1
280700;;;STARFRUIT;SEASHELLS;5053.0;1
280800;;;AMETHYSTS;SEASHELLS;10002.0;1
280800;;;AMETHYSTS;SEASHELLS;10002.0;1
280900;;;STARFRUIT;SEASHELLS;5053.0;5
281200;;;AMETHYSTS;SEASHELLS;9998.0;3
281200;;;AMETHYSTS;SEASHELLS;9998.0;4
281300;;;STARFRUIT;SEASHELLS;5053.0;1
281400;;;STARFRUIT;SEASHELLS;5049.0;2
281700;;;STARFRUIT;SEASHELLS;5055.0;1
281700;;;AMETHYSTS;SEASHELLS;10004.0;1
282100;;;STARFRUIT;SEASHELLS;5050.0;1
282800;;;AMETHYSTS;SEASHELLS;9998.0;1
282900;;;STARFRUIT;SEASHELLS;5056.0;1
283400;;;STARFRUIT;SEASHELLS;5051.0;1
283500;;;STARFRUIT;SEASHELLS;5052.0;5
283600;;;AMETHYSTS;SEASHELLS;10004.0;2
283600;;;STARFRUIT;SEASHELLS;5051.0;1
283600;;;STARFRUIT;SEASHELLS;5057.0;2
283700;;;STARFRUIT;SEASHELLS;5057.0;1
283900;;;STARFRUIT;SEASHELLS;5051.0;1
284200;;;STARFRUIT;SEASHELLS;5057.0;10
284700;;;STARFRUIT;SEASHELLS;5050.0;2
284700;;;AMETHYSTS;SEASHELLS;9996.0;2
284800;;;STARFRUIT;SEASHELLS;5050.0;1
285000;;;AMETHYSTS;SEASHELLS;9996.0;1
285500;;;STARFRUIT;SEASHELLS;5053.0;1
285500;;;STARFRUIT;SEASHELLS;5050.0;1
285500;;;STARFRUIT;SEASHELLS;5053.0;12
285700;;;STARFRUIT;SEASHELLS;5051.0;1
286400;;;AMETHYSTS;SEASHELLS;10004.0;1
286400;;;STARFRUIT;SEASHELLS;5057.0;1
286500;;;STARFRUIT;SEASHELLS;5056.0;1
286600;;;STARFRUIT;SEASHELLS;5058.0;1
286600;;;AMETHYSTS;SEASHELLS;10004.0;1
286800;;;AMETHYSTS;SEASHELLS;9998.0;1
287000;;;STARFRUIT;SEASHELLS;5056.0;1
287200;;;AMETHYSTS;SEASHELLS;10002.0;1
287900;;;STARFRUIT;SEASHELLS;5047.0;4
288900;;;STARFRUIT;SEASHELLS;5055.0;5
289300;;;STARFRUIT;SEASHELLS;5054.0;2
289300;;;STARFRUIT;SEASHELLS;5054.0;6
289600;;;STARFRUIT;SEASHELLS;5050.0;12
289900;;;AMETHYSTS;SEASHELLS;9995.0;2
289900;;;AMETHYSTS;SEASHELLS;10005.0;2
289900;;;STARFRUIT;SEASHELLS;5050.0;2
290200;;;STARFRUIT;SEASHELLS;5056.0;1
290400;;;AMETHYSTS;SEASHELLS;10004.0;2
290400;;;AMETHYSTS;SEASHELLS;10005.0;1
290400;;;STARFRUIT;SEASHELLS;5058.0;1
290400;;;AMETHYSTS;SEASHELLS;10004.0;6
290800;;;AMETHYSTS;SEASHELLS;9998.0;1
290800;;;STARFRUIT;SEASHELLS;5051.0;4
290900;;;AMETHYSTS;SEASHELLS;9996.0;1
290900;;;STARFRUIT;SEASHELLS;5050.0;1
291200;;;AMETHYSTS;SEASHELLS;9998.0;1
291400;;;STARFRUIT;SEASHELLS;5049.0;1
291500;;;AMETHYSTS;SEASHELLS;9995.0;7
291600;;;AMETHYSTS;SEASHELLS;10004.0;2
291900;;;STARFRUIT;SEASHELLS;5050.0;2
292200;;;STARFRUIT;SEASHELLS;5056.0;15
292400;;;STARFRUIT;SEASHELLS;5057.0;13
292500;;;AMETHYSTS;SEASHELLS;9998.0;1
292600;;;STARFRUIT;SEASHELLS;5057.0;1
292600;;;AMETHYSTS;SEASHELLS;10004.0;1
292800;;;STARFRUIT;SEASHELLS;5056.0;1
292800;;;AMETHYSTS;SEASHELLS;10002.0;1
292900;;;AMETHYSTS;SEASHELLS;10004.0;2
293500;;;STARFRUIT;SEASHELLS;5053.0;1
293500;;;STARFRUIT;SEASHELLS;5053.0;4
293500;;;STARFRUIT;SEASHELLS;5054.0;4
293500;;;AMETHYSTS;SEASHELLS;10000.0;1
293800;;;STARFRUIT;SEASHELLS;5053.0;1
293900;;;AMETHYSTS;SEASHELLS;9998.0;1
293900;;;STARFRUIT;SEASHELLS;5058.0;1
294200;;;STARFRUIT;SEASHELLS;5053.0;3
294200;;;STARFRUIT;SEASHELLS;5053.0;2
294300;;;AMETHYSTS;SEASHELLS;9996.0;1
294300;;;STARFRUIT;SEASHELLS;5051.0;2
294400;;;AMETHYSTS;SEASHELLS;10005.0;3
294500;;;AMETHYSTS;SEASHELLS;9998.0;1
294600;;;STARFRUIT;SEASHELLS;5057.0;15
295000;;;STARFRUIT;SEASHELLS;5051.0;10
295600;;;STARFRUIT;SEASHELLS;5049.0;1
296400;;;AMETHYSTS;SEASHELLS;9998.0;5
296800;;;AMETHYSTS;SEASHELLS;10002.0;5
297100;;;STARFRUIT;SEASHELLS;5050.0;1
297100;;;AMETHYSTS;SEASHELLS;10004.0;1
297100;;;STARFRUIT;SEASHELLS;5050.0;1
297600;;;STARFRUIT;SEASHELLS;5049.0;2
297600;;;AMETHYSTS;SEASHELLS;10002.0;2
298400;;;AMETHYSTS;SEASHELLS;9998.0;1
298700;;;STARFRUIT;SEASHELLS;5045.0;15
298900;;;AMETHYSTS;SEASHELLS;9995.0;1
298900;;;STARFRUIT;SEASHELLS;5045.0;1
299200;;;AMETHYSTS;SEASHELLS;9996.0;2
299200;;;AMETHYSTS;SEASHELLS;9996.0;10
299400;;;STARFRUIT;SEASHELLS;5047.0;2
299400;;;AMETHYSTS;SEASHELLS;9996.0;1
299400;;;STARFRUIT;SEASHELLS;5047.0;1
299500;;;STARFRUIT;SEASHELLS;5050.0;5
299600;;;STARFRUIT;SEASHELLS;5048.0;1
299700;;;STARFRUIT;SEASHELLS;5049.0;2
299800;;;AMETHYSTS;SEASHELLS;9998.0;1
299800;;;AMETHYSTS;SEASHELLS;10004.0;1
299800;;;STARFRUIT;SEASHELLS;5054.0;1
299900;;;AMETHYSTS;SEASHELLS;9996.0;1
299900;;;STARFRUIT;SEASHELLS;5048.0;1
300300;;;STARFRUIT;SEASHELLS;5053.0;1
300400;;;STARFRUIT;SEASHELLS;5048.0;2
300400;;;STARFRUIT;SEASHELLS;5048.0;1
300400;;;AMETHYSTS;SEASHELLS;9995.0;2
300700;;;STARFRUIT;SEASHELLS;5054.0;1
300800;;;STARFRUIT;SEASHELLS;5049.0;1
301200;;;AMETHYSTS;SEASHELLS;10004.0;1
301200;;;STARFRUIT;SEASHELLS;5054.0;1
301200;;;AMETHYSTS;SEASHELLS;10004.0;1
301200;;;STARFRUIT;SEASHELLS;5054.0;2
301200;;;STARFRUIT;SEASHELLS;5053.0;7
301800;;;STARFRUIT;SEASHELLS;5047.0;14
301900;;;AMETHYSTS;SEASHELLS;10002.0;1
302100;;;AMETHYSTS;SEASHELLS;9998.0;1
302400;;;STARFRUIT;SEASHELLS;5047.0;1
302600;;;AMETHYSTS;SEASHELLS;9998.0;1
302700;;;AMETHYSTS;SEASHELLS;9998.0;1
303000;;;AMETHYSTS;SEASHELLS;9998.0;5
303100;;;STARFRUIT;SEASHELLS;5049.0;1
303100;;;AMETHYSTS;SEASHELLS;9998.0;1
303500;;;STARFRUIT;SEASHELLS;5054.0;5
303900;;;AMETHYSTS;SEASHELLS;9998.0;1
304400;;;STARFRUIT;SEASHELLS;5054.0;1
304600;;;STARFRUIT;SEASHELLS;5052.0;1
304600;;;STARFRUIT;SEASHELLS;5054.0;1
305100;;;AMETHYSTS;SEASHELLS;10002.0;1
305200;;;AMETHYSTS;SEASHELLS;10002.0;1
305300;;;AMETHYSTS;SEASHELLS;9998.0;5
305500;;;STARFRUIT;SEASHELLS;5053.0;5
305700;;;STARFRUIT;SEASHELLS;5051.0;1
305700;;;STARFRUIT;SEASHELLS;5052.0;4
305900;;;STARFRUIT;SEASHELLS;5055.0;1
305900;;;STARFRUIT;SEASHELLS;5049.0;2
305900;;;AMETHYSTS;SEASHELLS;9996.0;1
306100;;;STARFRUIT;SEASHELLS;5056.0;1
306100;;;AMETHYSTS;SEASHELLS;10005.0;1
306100;;;AMETHYSTS;SEASHELLS;10004.0;1
306500;;;AMETHYSTS;SEASHELLS;9996.0;2
306800;;;STARFRUIT;SEASHELLS;5046.0;8
307000;;;AMETHYSTS;SEASHELLS;9998.0;3
307200;;;AMETHYSTS;SEASHELLS;9995.0;2
307200;;;STARFRUIT;SEASHELLS;5045.0;2
307300;;;STARFRUIT;SEASHELLS;5049.0;6
307500;;;STARFRUIT;SEASHELLS;5051.0;1
307700;;;STARFRUIT;SEASHELLS;5045.0;1
308500;;;AMETHYSTS;SEASHELLS;9995.0;1
308500;;;STARFRUIT;SEASHELLS;5050.0;1
308600;;;STARFRUIT;SEASHELLS;5045.0;1
308600;;;AMETHYSTS;SEASHELLS;9998.0;1
308900;;;STARFRUIT;SEASHELLS;5043.0;9
309000;;;STARFRUIT;SEASHELLS;5044.0;1
309200;;;STARFRUIT;SEASHELLS;5047.0;2
309300;;;AMETHYSTS;SEASHELLS;9998.0;1
309400;;;STARFRUIT;SEASHELLS;5050.0;1
309400;;;AMETHYSTS;SEASHELLS;10002.0;1
309800;;;AMETHYSTS;SEASHELLS;10002.0;1
310000;;;AMETHYSTS;SEASHELLS;10002.0;1
310100;;;STARFRUIT;SEASHELLS;5050.0;1
310500;;;AMETHYSTS;SEASHELLS;9998.0;1
310700;;;STARFRUIT;SEASHELLS;5050.0;3
310800;;;STARFRUIT;SEASHELLS;5050.0;1
310900;;;STARFRUIT;SEASHELLS;5046.0;1
311000;;;AMETHYSTS;SEASHELLS;9998.0;1
311100;;;STARFRUIT;SEASHELLS;5050.0;1
311300;;;STARFRUIT;SEASHELLS;5047.0;1
311600;;;STARFRUIT;SEASHELLS;5046.0;3
311600;;;STARFRUIT;SEASHELLS;5048.0;3
311700;;;STARFRUIT;SEASHELLS;5045.0;1
311800;;;AMETHYSTS;SEASHELLS;10002.0;1
312100;;;STARFRUIT;SEASHELLS;5045.0;1
312300;;;STARFRUIT;SEASHELLS;5045.0;1
312300;;;AMETHYSTS;SEASHELLS;9996.0;1
312400;;;AMETHYSTS;SEASHELLS;9998.0;1
312500;;;STARFRUIT;SEASHELLS;5049.0;5
312500;;;STARFRUIT;SEASHELLS;5045.0;1
312700;;;STARFRUIT;SEASHELLS;5051.0;1
313500;;;AMETHYSTS;SEASHELLS;10004.0;2
313500;;;AMETHYSTS;SEASHELLS;10004.0;6
314200;;;STARFRUIT;SEASHELLS;5043.0;2
314200;;;AMETHYSTS;SEASHELLS;9996.0;1
314400;;;STARFRUIT;SEASHELLS;5044.0;1
314400;;;AMETHYSTS;SEASHELLS;9996.0;1
314800;;;AMETHYSTS;SEASHELLS;10002.0;4
314900;;;AMETHYSTS;SEASHELLS;9996.0;1
314900;;;STARFRUIT;SEASHELLS;5043.0;1
315100;;;STARFRUIT;SEASHELLS;5043.0;1
315100;;;AMETHYSTS;SEASHELLS;9998.0;1
315200;;;STARFRUIT;SEASHELLS;5049.0;11
315800;;;STARFRUIT;SEASHELLS;5047.0;5
316000;;;STARFRUIT;SEASHELLS;5048.0;1
316400;;;STARFRUIT;SEASHELLS;5048.0;9
316400;;;AMETHYSTS;SEASHELLS;10002.0;1
316600;;;AMETHYSTS;SEASHELLS;9996.0;2
316600;;;STARFRUIT;SEASHELLS;5044.0;2
317000;;;STARFRUIT;SEASHELLS;5051.0;1
317000;;;AMETHYSTS;SEASHELLS;9998.0;1
317100;;;STARFRUIT;SEASHELLS;5045.0;1
317200;;;STARFRUIT;SEASHELLS;5046.0;1
317300;;;AMETHYSTS;SEASHELLS;9998.0;1
317400;;;STARFRUIT;SEASHELLS;5046.0;1
317400;;;STARFRUIT;SEASHELLS;5048.0;5
317500;;;STARFRUIT;SEASHELLS;5051.0;1
317900;;;STARFRUIT;SEASHELLS;5050.0;1
318500;;;STARFRUIT;SEASHELLS;5050.0;1
318500;;;STARFRUIT;SEASHELLS;5049.0;4
318600;;;AMETHYSTS;SEASHELLS;9996.0;1
318600;;;STARFRUIT;SEASHELLS;5044.0;2
318600;;;AMETHYSTS;SEASHELLS;9996.0;1
319000;;;STARFRUIT;SEASHELLS;5050.0;1
319300;;;AMETHYSTS;SEASHELLS;9996.0;1
319500;;;AMETHYSTS;SEASHELLS;10002.0;7
319500;;;AMETHYSTS;SEASHELLS;10002.0;1
319800;;;STARFRUIT;SEASHELLS;5046.0;4
320000;;;AMETHYSTS;SEASHELLS;10002.0;1
320100;;;AMETHYSTS;SEASHELLS;10005.0;2
320300;;;AMETHYSTS;SEASHELLS;10002.0;1
320600;;;AMETHYSTS;SEASHELLS;9996.0;1
320600;;;STARFRUIT;SEASHELLS;5044.0;1
320900;;;STARFRUIT;SEASHELLS;5044.0;1
321000;;;STARFRUIT;SEASHELLS;5043.0;1
321200;;;AMETHYSTS;SEASHELLS;9998.0;1
321500;;;AMETHYSTS;SEASHELLS;10002.0;1
321600;;;AMETHYSTS;SEASHELLS;9998.0;1
321700;;;AMETHYSTS;SEASHELLS;10002.0;2
322400;;;STARFRUIT;SEASHELLS;5043.0;14
322600;;;STARFRUIT;SEASHELLS;5047.0;3
322600;;;AMETHYSTS;SEASHELLS;10002.0;1
322700;;;STARFRUIT;SEASHELLS;5043.0;15
322900;;;AMETHYSTS;SEASHELLS;9998.0;1
322900;;;AMETHYSTS;SEASHELLS;9998.0;2
322900;;;AMETHYSTS;SEASHELLS;9998.0;5
322900;;;STARFRUIT;SEASHELLS;5043.0;2
323000;;;STARFRUIT;SEASHELLS;5048.0;1
323600;;;STARFRUIT;SEASHELLS;5049.0;1
323700;;;AMETHYSTS;SEASHELLS;10002.0;2
323700;;;STARFRUIT;SEASHELLS;5045.0;1
323700;;;STARFRUIT;SEASHELLS;5045.0;4
324100;;;STARFRUIT;SEASHELLS;5050.0;2
324100;;;AMETHYSTS;SEASHELLS;10004.0;1
324100;;;AMETHYSTS;SEASHELLS;10004.0;1
324600;;;AMETHYSTS;SEASHELLS;10002.0;1
324600;;;STARFRUIT;SEASHELLS;5043.0;8
324600;;;STARFRUIT;SEASHELLS;5043.0;2
324800;;;STARFRUIT;SEASHELLS;5048.0;1
324800;;;STARFRUIT;SEASHELLS;5044.0;6
325200;;;STARFRUIT;SEASHELLS;5046.0;2
325400;;;AMETHYSTS;SEASHELLS;9998.0;1
325400;;;STARFRUIT;SEASHELLS;5044.0;1
325600;;;STARFRUIT;SEASHELLS;5050.0;1
325600;;;AMETHYSTS;SEASHELLS;10004.0;1
326200;;;AMETHYSTS;SEASHELLS;10004.0;1
326200;;;STARFRUIT;SEASHELLS;5051.0;1
326200;;;AMETHYSTS;SEASHELLS;10002.0;1
326500;;;STARFRUIT;SEASHELLS;5048.0;6
326800;;;STARFRUIT;SEASHELLS;5046.0;12
326900;;;AMETHYSTS;SEASHELLS;10002.0;2
326900;;;STARFRUIT;SEASHELLS;5046.0;1
327300;;;STARFRUIT;SEASHELLS;5054.0;1
327300;;;AMETHYSTS;SEASHELLS;10005.0;1
327400;;;AMETHYSTS;SEASHELLS;10002.0;1
327400;;;STARFRUIT;SEASHELLS;5048.0;2
327800;;;STARFRUIT;SEASHELLS;5047.0;1
328400;;;STARFRUIT;SEASHELLS;5052.0;1
328700;;;STARFRUIT;SEASHELLS;5046.0;2
328700;;;AMETHYSTS;SEASHELLS;9995.0;2
329500;;;AMETHYSTS;SEASHELLS;10005.0;2
329500;;;STARFRUIT;SEASHELLS;5052.0;2
329700;;;STARFRUIT;SEASHELLS;5045.0;1
330200;;;STARFRUIT;SEASHELLS;5050.0;1
330300;;;STARFRUIT;SEASHELLS;5050.0;1
330300;;;STARFRUIT;SEASHELLS;5050.0;1
330300;;;AMETHYSTS;SEASHELLS;10002.0;2
330400;;;STARFRUIT;SEASHELLS;5050.0;9
330400;;;STARFRUIT;SEASHELLS;5046.0;1
330600;;;STARFRUIT;SEASHELLS;5045.0;1
330800;;;STARFRUIT;SEASHELLS;5052.0;1
330800;;;AMETHYSTS;SEASHELLS;10004.0;1
331000;;;STARFRUIT;SEASHELLS;5047.0;5
331100;;;STARFRUIT;SEASHELLS;5046.0;1
331200;;;STARFRUIT;SEASHELLS;5045.0;1
331200;;;AMETHYSTS;SEASHELLS;10002.0;1
331400;;;AMETHYSTS;SEASHELLS;9998.0;1
331800;;;AMETHYSTS;SEASHELLS;10002.0;1
331800;;;STARFRUIT;SEASHELLS;5049.0;2
332100;;;AMETHYSTS;SEASHELLS;9998.0;1
332100;;;STARFRUIT;SEASHELLS;5044.0;1
332300;;;STARFRUIT;SEASHELLS;5045.0;1
332300;;;AMETHYSTS;SEASHELLS;10002.0;1
332400;;;AMETHYSTS;SEASHELLS;10005.0;2
332400;;;STARFRUIT;SEASHELLS;5052.0;2
332600;;;STARFRUIT;SEASHELLS;5046.0;2
332700;;;AMETHYSTS;SEASHELLS;10004.0;2
332900;;;STARFRUIT;SEASHELLS;5044.0;10
333700;;;STARFRUIT;SEASHELLS;5043.0;15
334000;;;STARFRUIT;SEASHELLS;5048.0;1
334000;;;STARFRUIT;SEASHELLS;5045.0;5
336100;;;STARFRUIT;SEASHELLS;5040.0;1
336700;;;AMETHYSTS;SEASHELLS;10004.0;1
336700;;;STARFRUIT;SEASHELLS;5047.0;7
336700;;;STARFRUIT;SEASHELLS;5047.0;1
336900;;;STARFRUIT;SEASHELLS;5044.0;4
337000;;;AMETHYSTS;SEASHELLS;9998.0;1
337100;;;AMETHYSTS;SEASHELLS;9998.0;1
337500;;;STARFRUIT;SEASHELLS;5049.0;15
337900;;;STARFRUIT;SEASHELLS;5049.0;1
338100;;;STARFRUIT;SEASHELLS;5043.0;14
338200;;;STARFRUIT;SEASHELLS;5045.0;2
338200;;;AMETHYSTS;SEASHELLS;9996.0;1
338200;;;STARFRUIT;SEASHELLS;5045.0;1
338300;;;STARFRUIT;SEASHELLS;5045.0;1
338400;;;AMETHYSTS;SEASHELLS;9998.0;1
339700;;;AMETHYSTS;SEASHELLS;9995.0;2
340400;;;AMETHYSTS;SEASHELLS;9996.0;1
340400;;;STARFRUIT;SEASHELLS;5041.0;1
340900;;;STARFRUIT;SEASHELLS;5041.0;14
341100;;;STARFRUIT;SEASHELLS;5047.0;2
341100;;;STARFRUIT;SEASHELLS;5047.0;10
341100;;;AMETHYSTS;SEASHELLS;9998.0;1
341400;;;STARFRUIT;SEASHELLS;5049.0;1
342000;;;AMETHYSTS;SEASHELLS;10002.0;1
342700;;;STARFRUIT;SEASHELLS;5052.0;3
342800;;;AMETHYSTS;SEASHELLS;10004.0;1
342800;;;AMETHYSTS;SEASHELLS;10004.0;1
342800;;;AMETHYSTS;SEASHELLS;10004.0;1
342800;;;STARFRUIT;SEASHELLS;5047.0;1
342900;;;STARFRUIT;SEASHELLS;5047.0;2
342900;;;STARFRUIT;SEASHELLS;5048.0;1
342900;;;AMETHYSTS;SEASHELLS;9996.0;1
343200;;;AMETHYSTS;SEASHELLS;10002.0;3
343300;;;STARFRUIT;SEASHELLS;5048.0;1
343400;;;STARFRUIT;SEASHELLS;5055.0;10
343800;;;STARFRUIT;SEASHELLS;5053.0;1
344100;;;AMETHYSTS;SEASHELLS;9998.0;1
344300;;;AMETHYSTS;SEASHELLS;10002.0;3
344800;;;AMETHYSTS;SEASHELLS;9995.0;5
344900;;;STARFRUIT;SEASHELLS;5048.0;2
344900;;;AMETHYSTS;SEASHELLS;9995.0;2
345200;;;STARFRUIT;SEASHELLS;5054.0;1
345300;;;AMETHYSTS;SEASHELLS;9998.0;1
345500;;;STARFRUIT;SEASHELLS;5054.0;1
346100;;;STARFRUIT;SEASHELLS;5049.0;1
346100;;;STARFRUIT;SEASHELLS;5049.0;4
346800;;;AMETHYSTS;SEASHELLS;10005.0;5
346900;;;AMETHYSTS;SEASHELLS;9998.0;1
347100;;;AMETHYSTS;SEASHELLS;10002.0;1
347300;;;AMETHYSTS;SEASHELLS;10004.0;2
347900;;;AMETHYSTS;SEASHELLS;9995.0;7
348100;;;AMETHYSTS;SEASHELLS;9998.0;5
348700;;;STARFRUIT;SEASHELLS;5045.0;4
349300;;;STARFRUIT;SEASHELLS;5050.0;1
350300;;;AMETHYSTS;SEASHELLS;10002.0;2
350400;;;STARFRUIT;SEASHELLS;5046.0;1
350600;;;STARFRUIT;SEASHELLS;5052.0;5
350600;;;STARFRUIT;SEASHELLS;5052.0;7
350900;;;STARFRUIT;SEASHELLS;5053.0;1
351000;;;AMETHYSTS;SEASHELLS;10002.0;1
351700;;;AMETHYSTS;SEASHELLS;9998.0;1
351900;;;STARFRUIT;SEASHELLS;5046.0;1
351900;;;AMETHYSTS;SEASHELLS;10002.0;1
352800;;;STARFRUIT;SEASHELLS;5048.0;3
353100;;;AMETHYSTS;SEASHELLS;10002.0;1
353200;;;STARFRUIT;SEASHELLS;5050.0;1
353900;;;STARFRUIT;SEASHELLS;5044.0;1
353900;;;AMETHYSTS;SEASHELLS;9996.0;1
354600;;;STARFRUIT;SEASHELLS;5044.0;1
355000;;;AMETHYSTS;SEASHELLS;10002.0;1
355000;;;STARFRUIT;SEASHELLS;5049.0;1
355600;;;STARFRUIT;SEASHELLS;5044.0;1
355700;;;AMETHYSTS;SEASHELLS;10005.0;4
355800;;;STARFRUIT;SEASHELLS;5044.0;1
356000;;;STARFRUIT;SEASHELLS;5049.0;8
356100;;;STARFRUIT;SEASHELLS;5045.0;1
356100;;;STARFRUIT;SEASHELLS;5045.0;9
356800;;;AMETHYSTS;SEASHELLS;9998.0;4
356900;;;STARFRUIT;SEASHELLS;5046.0;1
357100;;;STARFRUIT;SEASHELLS;5047.0;4
357100;;;STARFRUIT;SEASHELLS;5046.0;1
357200;;;AMETHYSTS;SEASHELLS;9998.0;7
357400;;;AMETHYSTS;SEASHELLS;9998.0;1
357600;;;AMETHYSTS;SEASHELLS;9995.0;2
357600;;;STARFRUIT;SEASHELLS;5045.0;2
358100;;;STARFRUIT;SEASHELLS;5046.0;1
358500;;;AMETHYSTS;SEASHELLS;9998.0;1
358600;;;STARFRUIT;SEASHELLS;5054.0;8
358900;;;AMETHYSTS;SEASHELLS;10002.0;1
358900;;;STARFRUIT;SEASHELLS;5051.0;3
358900;;;STARFRUIT;SEASHELLS;5051.0;1
359100;;;AMETHYSTS;SEASHELLS;10004.0;1
359300;;;AMETHYSTS;SEASHELLS;10005.0;1
359300;;;STARFRUIT;SEASHELLS;5052.0;1
359700;;;AMETHYSTS;SEASHELLS;10002.0;1
359900;;;STARFRUIT;SEASHELLS;5048.0;1
359900;;;AMETHYSTS;SEASHELLS;9996.0;1
360000;;;AMETHYSTS;SEASHELLS;10005.0;1
360000;;;STARFRUIT;SEASHELLS;5055.0;1
360200;;;STARFRUIT;SEASHELLS;5053.0;8
360300;;;AMETHYSTS;SEASHELLS;10002.0;2
360300;;;STARFRUIT;SEASHELLS;5055.0;8
360600;;;AMETHYSTS;SEASHELLS;9996.0;2
360600;;;AMETHYSTS;SEASHELLS;9996.0;3
361100;;;STARFRUIT;SEASHELLS;5049.0;4
361400;;;STARFRUIT;SEASHELLS;5047.0;1
361400;;;STARFRUIT;SEASHELLS;5047.0;5
361800;;;STARFRUIT;SEASHELLS;5050.0;3
361800;;;AMETHYSTS;SEASHELLS;9998.0;1
362000;;;AMETHYSTS;SEASHELLS;9995.0;11
362100;;;AMETHYSTS;SEASHELLS;10002.0;1
362300;;;STARFRUIT;SEASHELLS;5050.0;3
362900;;;STARFRUIT;SEASHELLS;5051.0;1
363100;;;AMETHYSTS;SEASHELLS;9998.0;1
363200;;;AMETHYSTS;SEASHELLS;10005.0;2
363200;;;STARFRUIT;SEASHELLS;5053.0;2
363300;;;STARFRUIT;SEASHELLS;5046.0;1
363600;;;AMETHYSTS;SEASHELLS;10002.0;4
363600;;;AMETHYSTS;SEASHELLS;10002.0;1
363600;;;STARFRUIT;SEASHELLS;5049.0;4
363600;;;STARFRUIT;SEASHELLS;5046.0;1
363700;;;STARFRUIT;SEASHELLS;5053.0;12
364000;;;AMETHYSTS;SEASHELLS;10002.0;1
364000;;;AMETHYSTS;SEASHELLS;10002.0;3
364000;;;AMETHYSTS;SEASHELLS;10002.0;1
364100;;;AMETHYSTS;SEASHELLS;9998.0;1
364300;;;STARFRUIT;SEASHELLS;5053.0;1
364400;;;AMETHYSTS;SEASHELLS;9998.0;1
365000;;;AMETHYSTS;SEASHELLS;10002.0;1
365000;;;AMETHYSTS;SEASHELLS;10002.0;4
365100;;;AMETHYSTS;SEASHELLS;9998.0;1
365200;;;AMETHYSTS;SEASHELLS;10004.0;2
365200;;;STARFRUIT;SEASHELLS;5053.0;2
365400;;;STARFRUIT;SEASHELLS;5048.0;1
365600;;;AMETHYSTS;SEASHELLS;10004.0;2
365600;;;STARFRUIT;SEASHELLS;5052.0;2
365600;;;AMETHYSTS;SEASHELLS;9998.0;3
365600;;;STARFRUIT;SEASHELLS;5047.0;1
365900;;;AMETHYSTS;SEASHELLS;9996.0;3
365900;;;AMETHYSTS;SEASHELLS;9996.0;1
366000;;;AMETHYSTS;SEASHELLS;10002.0;1
366000;;;STARFRUIT;SEASHELLS;5052.0;1
366100;;;STARFRUIT;SEASHELLS;5053.0;10
366700;;;STARFRUIT;SEASHELLS;5051.0;1
367000;;;STARFRUIT;SEASHELLS;5048.0;5
367400;;;AMETHYSTS;SEASHELLS;9998.0;1
367400;;;STARFRUIT;SEASHELLS;5052.0;1
367700;;;STARFRUIT;SEASHELLS;5053.0;4
368000;;;AMETHYSTS;SEASHELLS;10002.0;1
368700;;;STARFRUIT;SEASHELLS;5048.0;4
368700;;;STARFRUIT;SEASHELLS;5048.0;1
368700;;;AMETHYSTS;SEASHELLS;10005.0;1
368700;;;STARFRUIT;SEASHELLS;5047.0;9
368700;;;AMETHYSTS;SEASHELLS;10002.0;4
368900;;;AMETHYSTS;SEASHELLS;9998.0;1
369000;;;STARFRUIT;SEASHELLS;5048.0;1
369100;;;AMETHYSTS;SEASHELLS;9996.0;2
369200;;;STARFRUIT;SEASHELLS;5053.0;2
369600;;;AMETHYSTS;SEASHELLS;10002.0;4
369700;;;AMETHYSTS;SEASHELLS;9998.0;1
369700;;;STARFRUIT;SEASHELLS;5053.0;13
369900;;;STARFRUIT;SEASHELLS;5051.0;2
370500;;;STARFRUIT;SEASHELLS;5047.0;1
370900;;;STARFRUIT;SEASHELLS;5046.0;14
370900;;;AMETHYSTS;SEASHELLS;10002.0;6
371600;;;AMETHYSTS;SEASHELLS;10002.0;1
371600;;;AMETHYSTS;SEASHELLS;10002.0;4
371600;;;STARFRUIT;SEASHELLS;5046.0;1
372000;;;STARFRUIT;SEASHELLS;5046.0;1
372700;;;STARFRUIT;SEASHELLS;5053.0;7
372800;;;AMETHYSTS;SEASHELLS;10004.0;1
372800;;;STARFRUIT;SEASHELLS;5047.0;1
373200;;;AMETHYSTS;SEASHELLS;9998.0;1
373600;;;AMETHYSTS;SEASHELLS;9998.0;1
373600;;;STARFRUIT;SEASHELLS;5045.0;1
373800;;;STARFRUIT;SEASHELLS;5046.0;3
373900;;;AMETHYSTS;SEASHELLS;9998.0;1
374700;;;AMETHYSTS;SEASHELLS;9998.0;1
375400;;;STARFRUIT;SEASHELLS;5047.0;1
375500;;;STARFRUIT;SEASHELLS;5050.0;2
375700;;;STARFRUIT;SEASHELLS;5048.0;4
375900;;;AMETHYSTS;SEASHELLS;9998.0;1
376000;;;AMETHYSTS;SEASHELLS;9998.0;1
376100;;;AMETHYSTS;SEASHELLS;10002.0;2
376400;;;AMETHYSTS;SEASHELLS;10002.0;2
376400;;;AMETHYSTS;SEASHELLS;10002.0;1
376400;;;STARFRUIT;SEASHELLS;5054.0;1
376800;;;STARFRUIT;SEASHELLS;5055.0;2
376800;;;AMETHYSTS;SEASHELLS;9998.0;1
377000;;;AMETHYSTS;SEASHELLS;9998.0;1
377200;;;STARFRUIT;SEASHELLS;5053.0;3
377200;;;AMETHYSTS;SEASHELLS;9998.0;1
377300;;;STARFRUIT;SEASHELLS;5052.0;4
377300;;;STARFRUIT;SEASHELLS;5052.0;1
377400;;;STARFRUIT;SEASHELLS;5054.0;1
377400;;;AMETHYSTS;SEASHELLS;10004.0;1
377600;;;STARFRUIT;SEASHELLS;5047.0;4
378000;;;AMETHYSTS;SEASHELLS;9998.0;1
378400;;;AMETHYSTS;SEASHELLS;10002.0;1
378400;;;AMETHYSTS;SEASHELLS;10002.0;3
378500;;;STARFRUIT;SEASHELLS;5053.0;1
378500;;;AMETHYSTS;SEASHELLS;10002.0;1
379100;;;STARFRUIT;SEASHELLS;5054.0;1
379400;;;STARFRUIT;SEASHELLS;5050.0;2
379500;;;STARFRUIT;SEASHELLS;5054.0;1
379600;;;STARFRUIT;SEASHELLS;5048.0;1
379800;;;STARFRUIT;SEASHELLS;5048.0;1
380200;;;STARFRUIT;SEASHELLS;5054.0;1
380900;;;STARFRUIT;SEASHELLS;5049.0;1
381100;;;AMETHYSTS;SEASHELLS;10002.0;4
381100;;;STARFRUIT;SEASHELLS;5049.0;1
381100;;;AMETHYSTS;SEASHELLS;10002.0;1
381300;;;AMETHYSTS;SEASHELLS;10004.0;1
381300;;;STARFRUIT;SEASHELLS;5056.0;1
381500;;;STARFRUIT;SEASHELLS;5055.0;1
381700;;;STARFRUIT;SEASHELLS;5051.0;1
381700;;;AMETHYSTS;SEASHELLS;9998.0;1
381800;;;AMETHYSTS;SEASHELLS;10005.0;1
381800;;;STARFRUIT;SEASHELLS;5055.0;1
381900;;;STARFRUIT;SEASHELLS;5050.0;1
382000;;;STARFRUIT;SEASHELLS;5055.0;1
382200;;;AMETHYSTS;SEASHELLS;9995.0;3
382500;;;AMETHYSTS;SEASHELLS;9998.0;1
383000;;;STARFRUIT;SEASHELLS;5050.0;15
383400;;;STARFRUIT;SEASHELLS;5054.0;3
383600;;;STARFRUIT;SEASHELLS;5055.0;1
383900;;;AMETHYSTS;SEASHELLS;10004.0;1
383900;;;STARFRUIT;SEASHELLS;5056.0;2
383900;;;AMETHYSTS;SEASHELLS;9998.0;4
383900;;;AMETHYSTS;SEASHELLS;10004.0;1
384000;;;STARFRUIT;SEASHELLS;5049.0;5
384200;;;STARFRUIT;SEASHELLS;5048.0;11
384600;;;STARFRUIT;SEASHELLS;5055.0;1
384600;;;AMETHYSTS;SEASHELLS;10005.0;1
384900;;;AMETHYSTS;SEASHELLS;9998.0;1
385000;;;AMETHYSTS;SEASHELLS;9995.0;1
385000;;;STARFRUIT;SEASHELLS;5048.0;1
385300;;;AMETHYSTS;SEASHELLS;10002.0;1
385300;;;STARFRUIT;SEASHELLS;5048.0;1
385300;;;AMETHYSTS;SEASHELLS;9995.0;1
385600;;;STARFRUIT;SEASHELLS;5054.0;1
385800;;;STARFRUIT;SEASHELLS;5055.0;1
385900;;;AMETHYSTS;SEASHELLS;10002.0;1
386100;;;AMETHYSTS;SEASHELLS;10002.0;1
386100;;;STARFRUIT;SEASHELLS;5054.0;5
386200;;;AMETHYSTS;SEASHELLS;10004.0;2
386200;;;STARFRUIT;SEASHELLS;5056.0;2
386300;;;STARFRUIT;SEASHELLS;5055.0;1
386400;;;AMETHYSTS;SEASHELLS;10002.0;2
386600;;;AMETHYSTS;SEASHELLS;9998.0;2
386700;;;AMETHYSTS;SEASHELLS;10004.0;2
386700;;;STARFRUIT;SEASHELLS;5056.0;2
386800;;;AMETHYSTS;SEASHELLS;10002.0;4
387700;;;STARFRUIT;SEASHELLS;5056.0;1
387900;;;STARFRUIT;SEASHELLS;5057.0;1
388000;;;AMETHYSTS;SEASHELLS;9998.0;2
388200;;;STARFRUIT;SEASHELLS;5057.0;8
388700;;;STARFRUIT;SEASHELLS;5054.0;1
388700;;;STARFRUIT;SEASHELLS;5054.0;11
389000;;;STARFRUIT;SEASHELLS;5060.0;1
389000;;;AMETHYSTS;SEASHELLS;10004.0;1
389200;;;STARFRUIT;SEASHELLS;5059.0;1
389300;;;AMETHYSTS;SEASHELLS;9996.0;2
389300;;;AMETHYSTS;SEASHELLS;9996.0;10
389400;;;AMETHYSTS;SEASHELLS;9995.0;1
389400;;;STARFRUIT;SEASHELLS;5061.0;13
389400;;;STARFRUIT;SEASHELLS;5055.0;1
389700;;;STARFRUIT;SEASHELLS;5056.0;3
389900;;;AMETHYSTS;SEASHELLS;10002.0;1
390200;;;AMETHYSTS;SEASHELLS;10004.0;1
390200;;;STARFRUIT;SEASHELLS;5061.0;1
390400;;;STARFRUIT;SEASHELLS;5057.0;6
390600;;;AMETHYSTS;SEASHELLS;9998.0;1
391200;;;STARFRUIT;SEASHELLS;5055.0;3
391500;;;AMETHYSTS;SEASHELLS;10005.0;8
391500;;;STARFRUIT;SEASHELLS;5053.0;1
392000;;;STARFRUIT;SEASHELLS;5054.0;2
392000;;;AMETHYSTS;SEASHELLS;9996.0;1
392000;;;AMETHYSTS;SEASHELLS;9996.0;1
392200;;;STARFRUIT;SEASHELLS;5053.0;1
392300;;;STARFRUIT;SEASHELLS;5058.0;4
392800;;;AMETHYSTS;SEASHELLS;10004.0;2
392800;;;STARFRUIT;SEASHELLS;5059.0;2
393000;;;AMETHYSTS;SEASHELLS;9998.0;1
393300;;;STARFRUIT;SEASHELLS;5058.0;3
393300;;;STARFRUIT;SEASHELLS;5059.0;1
393700;;;STARFRUIT;SEASHELLS;5060.0;6
393700;;;STARFRUIT;SEASHELLS;5060.0;1
393800;;;AMETHYSTS;SEASHELLS;9996.0;2
393800;;;STARFRUIT;SEASHELLS;5053.0;2
393800;;;AMETHYSTS;SEASHELLS;9998.0;1
394100;;;STARFRUIT;SEASHELLS;5060.0;2
394100;;;AMETHYSTS;SEASHELLS;9998.0;7
394100;;;AMETHYSTS;SEASHELLS;9998.0;1
394100;;;AMETHYSTS;SEASHELLS;9998.0;2
394200;;;AMETHYSTS;SEASHELLS;9998.0;1
394200;;;STARFRUIT;SEASHELLS;5053.0;1
394300;;;AMETHYSTS;SEASHELLS;10004.0;1
394300;;;STARFRUIT;SEASHELLS;5060.0;1
394600;;;STARFRUIT;SEASHELLS;5053.0;1
394600;;;AMETHYSTS;SEASHELLS;9995.0;2
395300;;;AMETHYSTS;SEASHELLS;9998.0;5
395400;;;STARFRUIT;SEASHELLS;5058.0;12
395600;;;STARFRUIT;SEASHELLS;5053.0;1
395600;;;AMETHYSTS;SEASHELLS;9998.0;1
395800;;;STARFRUIT;SEASHELLS;5059.0;10
396100;;;AMETHYSTS;SEASHELLS;9998.0;2
396200;;;STARFRUIT;SEASHELLS;5053.0;1
396200;;;AMETHYSTS;SEASHELLS;10005.0;8
396300;;;AMETHYSTS;SEASHELLS;10002.0;1
397000;;;STARFRUIT;SEASHELLS;5061.0;2
397000;;;AMETHYSTS;SEASHELLS;10004.0;1
397300;;;AMETHYSTS;SEASHELLS;10002.0;1
397600;;;AMETHYSTS;SEASHELLS;9995.0;2
397600;;;STARFRUIT;SEASHELLS;5054.0;2
397700;;;AMETHYSTS;SEASHELLS;9998.0;4
397700;;;STARFRUIT;SEASHELLS;5054.0;1
398000;;;AMETHYSTS;SEASHELLS;10004.0;1
398000;;;AMETHYSTS;SEASHELLS;10004.0;10
398400;;;AMETHYSTS;SEASHELLS;9998.0;1
398700;;;STARFRUIT;SEASHELLS;5054.0;1
399000;;;STARFRUIT;SEASHELLS;5059.0;1
399100;;;STARFRUIT;SEASHELLS;5054.0;1
399900;;;AMETHYSTS;SEASHELLS;9996.0;2
400000;;;STARFRUIT;SEASHELLS;5053.0;1
400300;;;STARFRUIT;SEASHELLS;5053.0;1
400700;;;STARFRUIT;SEASHELLS;5053.0;1
400800;;;STARFRUIT;SEASHELLS;5058.0;1
401100;;;AMETHYSTS;SEASHELLS;9996.0;2
401100;;;STARFRUIT;SEASHELLS;5052.0;2
401300;;;STARFRUIT;SEASHELLS;5053.0;1
402400;;;AMETHYSTS;SEASHELLS;10002.0;1
402600;;;STARFRUIT;SEASHELLS;5060.0;1
403400;;;AMETHYSTS;SEASHELLS;10002.0;1
403600;;;AMETHYSTS;SEASHELLS;10002.0;3
403600;;;AMETHYSTS;SEASHELLS;10002.0;2
404300;;;STARFRUIT;SEASHELLS;5060.0;1
404400;;;STARFRUIT;SEASHELLS;5054.0;1
404500;;;STARFRUIT;SEASHELLS;5061.0;2
404500;;;AMETHYSTS;SEASHELLS;10005.0;2
404700;;;AMETHYSTS;SEASHELLS;9996.0;7
404700;;;AMETHYSTS;SEASHELLS;9996.0;2
404700;;;STARFRUIT;SEASHELLS;5061.0;15
404800;;;AMETHYSTS;SEASHELLS;9995.0;10
405000;;;AMETHYSTS;SEASHELLS;10002.0;1
405000;;;STARFRUIT;SEASHELLS;5060.0;1
405300;;;AMETHYSTS;SEASHELLS;9998.0;1
405300;;;AMETHYSTS;SEASHELLS;9998.0;1
405600;;;AMETHYSTS;SEASHELLS;9995.0;3
405600;;;AMETHYSTS;SEASHELLS;9995.0;2
405600;;;STARFRUIT;SEASHELLS;5053.0;2
405600;;;AMETHYSTS;SEASHELLS;9996.0;10
405600;;;AMETHYSTS;SEASHELLS;9996.0;2
407600;;;AMETHYSTS;SEASHELLS;10004.0;2
407600;;;AMETHYSTS;SEASHELLS;10004.0;1
407600;;;STARFRUIT;SEASHELLS;5049.0;1
407600;;;STARFRUIT;SEASHELLS;5054.0;1
407700;;;AMETHYSTS;SEASHELLS;10002.0;3
408200;;;AMETHYSTS;SEASHELLS;9996.0;10
408200;;;STARFRUIT;SEASHELLS;5051.0;5
408200;;;AMETHYSTS;SEASHELLS;9996.0;1
408400;;;STARFRUIT;SEASHELLS;5055.0;2
408400;;;AMETHYSTS;SEASHELLS;9998.0;2
408600;;;STARFRUIT;SEASHELLS;5054.0;1
408600;;;AMETHYSTS;SEASHELLS;10004.0;1
409000;;;AMETHYSTS;SEASHELLS;10002.0;1
409100;;;STARFRUIT;SEASHELLS;5052.0;2
409400;;;STARFRUIT;SEASHELLS;5050.0;2
409400;;;STARFRUIT;SEASHELLS;5050.0;2
409400;;;AMETHYSTS;SEASHELLS;10000.0;2
410000;;;STARFRUIT;SEASHELLS;5048.0;1
410100;;;STARFRUIT;SEASHELLS;5048.0;2
410100;;;AMETHYSTS;SEASHELLS;9998.0;2
410200;;;AMETHYSTS;SEASHELLS;9998.0;1
410400;;;STARFRUIT;SEASHELLS;5047.0;8
410400;;;STARFRUIT;SEASHELLS;5047.0;1
410800;;;STARFRUIT;SEASHELLS;5047.0;2
410800;;;AMETHYSTS;SEASHELLS;10002.0;1
411200;;;STARFRUIT;SEASHELLS;5048.0;14
411400;;;STARFRUIT;SEASHELLS;5048.0;9
411400;;;STARFRUIT;SEASHELLS;5048.0;1
411500;;;AMETHYSTS;SEASHELLS;9998.0;2
411700;;;STARFRUIT;SEASHELLS;5054.0;1
411800;;;STARFRUIT;SEASHELLS;5053.0;1
411900;;;STARFRUIT;SEASHELLS;5053.0;1
412600;;;STARFRUIT;SEASHELLS;5054.0;2
413100;;;STARFRUIT;SEASHELLS;5046.0;12
413100;;;STARFRUIT;SEASHELLS;5046.0;1
413300;;;STARFRUIT;SEASHELLS;5051.0;1
413500;;;AMETHYSTS;SEASHELLS;10002.0;1
413800;;;AMETHYSTS;SEASHELLS;9996.0;2
414400;;;AMETHYSTS;SEASHELLS;10004.0;1
414400;;;STARFRUIT;SEASHELLS;5052.0;1
414600;;;AMETHYSTS;SEASHELLS;9998.0;1
414600;;;AMETHYSTS;SEASHELLS;9998.0;3
414600;;;STARFRUIT;SEASHELLS;5052.0;1
415000;;;AMETHYSTS;SEASHELLS;10002.0;3
415200;;;STARFRUIT;SEASHELLS;5049.0;1
415300;;;AMETHYSTS;SEASHELLS;9998.0;1
415600;;;AMETHYSTS;SEASHELLS;10005.0;2
415600;;;STARFRUIT;SEASHELLS;5051.0;2
415600;;;STARFRUIT;SEASHELLS;5044.0;1
415800;;;AMETHYSTS;SEASHELLS;9996.0;2
415800;;;AMETHYSTS;SEASHELLS;9996.0;6
416100;;;STARFRUIT;SEASHELLS;5050.0;1
416200;;;AMETHYSTS;SEASHELLS;9998.0;1
416600;;;AMETHYSTS;SEASHELLS;9996.0;5
416600;;;AMETHYSTS;SEASHELLS;9996.0;2
416800;;;AMETHYSTS;SEASHELLS;9996.0;1
416800;;;AMETHYSTS;SEASHELLS;9996.0;6
416800;;;AMETHYSTS;SEASHELLS;9996.0;1
416800;;;STARFRUIT;SEASHELLS;5053.0;1
417000;;;AMETHYSTS;SEASHELLS;9998.0;2
417100;;;STARFRUIT;SEASHELLS;5046.0;15
417300;;;AMETHYSTS;SEASHELLS;10002.0;1
417500;;;STARFRUIT;SEASHELLS;5045.0;1
417600;;;STARFRUIT;SEASHELLS;5047.0;1
417600;;;STARFRUIT;SEASHELLS;5047.0;4
418000;;;STARFRUIT;SEASHELLS;5045.0;4
418200;;;AMETHYSTS;SEASHELLS;9996.0;1
418200;;;AMETHYSTS;SEASHELLS;9996.0;1
418200;;;STARFRUIT;SEASHELLS;5046.0;2
418400;;;STARFRUIT;SEASHELLS;5053.0;2
418400;;;AMETHYSTS;SEASHELLS;10004.0;2
418800;;;STARFRUIT;SEASHELLS;5052.0;1
418900;;;AMETHYSTS;SEASHELLS;10005.0;10
418900;;;STARFRUIT;SEASHELLS;5046.0;1
418900;;;AMETHYSTS;SEASHELLS;9998.0;1
419600;;;STARFRUIT;SEASHELLS;5045.0;1
419600;;;AMETHYSTS;SEASHELLS;9996.0;1
419700;;;AMETHYSTS;SEASHELLS;10004.0;1
420000;;;STARFRUIT;SEASHELLS;5050.0;1
420200;;;AMETHYSTS;SEASHELLS;9995.0;2
420200;;;STARFRUIT;SEASHELLS;5050.0;1
420300;;;AMETHYSTS;SEASHELLS;10004.0;1
420300;;;AMETHYSTS;SEASHELLS;10004.0;8
420400;;;STARFRUIT;SEASHELLS;5050.0;1
420800;;;AMETHYSTS;SEASHELLS;9998.0;1
421400;;;AMETHYSTS;SEASHELLS;9996.0;2
421400;;;STARFRUIT;SEASHELLS;5046.0;2
422200;;;AMETHYSTS;SEASHELLS;10002.0;4
422300;;;STARFRUIT;SEASHELLS;5045.0;1
422600;;;STARFRUIT;SEASHELLS;5049.0;3
422700;;;STARFRUIT;SEASHELLS;5049.0;1
423300;;;AMETHYSTS;SEASHELLS;9998.0;1
423300;;;STARFRUIT;SEASHELLS;5051.0;10
423400;;;AMETHYSTS;SEASHELLS;9998.0;1
423700;;;STARFRUIT;SEASHELLS;5046.0;1
424800;;;AMETHYSTS;SEASHELLS;9995.0;6
425100;;;STARFRUIT;SEASHELLS;5051.0;1
425300;;;AMETHYSTS;SEASHELLS;9998.0;2
425500;;;STARFRUIT;SEASHELLS;5050.0;1
425700;;;STARFRUIT;SEASHELLS;5044.0;1
425800;;;AMETHYSTS;SEASHELLS;10000.0;4
425800;;;AMETHYSTS;SEASHELLS;9998.0;2
425800;;;STARFRUIT;SEASHELLS;5051.0;1
425800;;;STARFRUIT;SEASHELLS;5045.0;3
425800;;;AMETHYSTS;SEASHELLS;10000.0;1
425900;;;AMETHYSTS;SEASHELLS;9998.0;4
425900;;;AMETHYSTS;SEASHELLS;9998.0;1
426500;;;STARFRUIT;SEASHELLS;5049.0;1
426600;;;AMETHYSTS;SEASHELLS;9998.0;10
426800;;;STARFRUIT;SEASHELLS;5048.0;1
427100;;;STARFRUIT;SEASHELLS;5049.0;1
427500;;;AMETHYSTS;SEASHELLS;10002.0;8
427800;;;STARFRUIT;SEASHELLS;5044.0;1
428000;;;STARFRUIT;SEASHELLS;5044.0;12
428200;;;AMETHYSTS;SEASHELLS;10002.0;1
428300;;;AMETHYSTS;SEASHELLS;9998.0;2
428300;;;STARFRUIT;SEASHELLS;5045.0;1
428900;;;STARFRUIT;SEASHELLS;5045.0;1
429000;;;AMETHYSTS;SEASHELLS;10004.0;1
429100;;;STARFRUIT;SEASHELLS;5045.0;1
429100;;;AMETHYSTS;SEASHELLS;9996.0;1
429100;;;STARFRUIT;SEASHELLS;5045.0;1
429100;;;AMETHYSTS;SEASHELLS;9996.0;1
429600;;;AMETHYSTS;SEASHELLS;9996.0;1
429600;;;STARFRUIT;SEASHELLS;5050.0;1
429800;;;STARFRUIT;SEASHELLS;5046.0;1
429900;;;AMETHYSTS;SEASHELLS;9996.0;1
429900;;;STARFRUIT;SEASHELLS;5046.0;1
430000;;;STARFRUIT;SEASHELLS;5047.0;4
430200;;;AMETHYSTS;SEASHELLS;9998.0;1
430400;;;AMETHYSTS;SEASHELLS;10002.0;4
431100;;;STARFRUIT;SEASHELLS;5047.0;1
431400;;;STARFRUIT;SEASHELLS;5051.0;1
431500;;;STARFRUIT;SEASHELLS;5051.0;9
431900;;;AMETHYSTS;SEASHELLS;10002.0;1
433000;;;STARFRUIT;SEASHELLS;5055.0;1
433100;;;AMETHYSTS;SEASHELLS;10002.0;1
433100;;;STARFRUIT;SEASHELLS;5055.0;1
433500;;;AMETHYSTS;SEASHELLS;9996.0;2
433500;;;STARFRUIT;SEASHELLS;5050.0;2
433800;;;AMETHYSTS;SEASHELLS;10002.0;1
434500;;;STARFRUIT;SEASHELLS;5053.0;1
434500;;;STARFRUIT;SEASHELLS;5049.0;1
434500;;;AMETHYSTS;SEASHELLS;10004.0;1
434600;;;AMETHYSTS;SEASHELLS;9998.0;6
434600;;;AMETHYSTS;SEASHELLS;9998.0;3
434900;;;STARFRUIT;SEASHELLS;5049.0;1
434900;;;AMETHYSTS;SEASHELLS;9996.0;1
435000;;;AMETHYSTS;SEASHELLS;9998.0;1
435600;;;STARFRUIT;SEASHELLS;5049.0;1
435700;;;STARFRUIT;SEASHELLS;5049.0;1
435700;;;AMETHYSTS;SEASHELLS;10000.0;2
435700;;;STARFRUIT;SEASHELLS;5051.0;2
436400;;;STARFRUIT;SEASHELLS;5053.0;1
436500;;;AMETHYSTS;SEASHELLS;10002.0;1
436900;;;AMETHYSTS;SEASHELLS;10002.0;1
436900;;;STARFRUIT;SEASHELLS;5048.0;1
437000;;;STARFRUIT;SEASHELLS;5056.0;9
437300;;;STARFRUIT;SEASHELLS;5054.0;1
437300;;;AMETHYSTS;SEASHELLS;9996.0;1
437500;;;STARFRUIT;SEASHELLS;5048.0;9
437800;;;STARFRUIT;SEASHELLS;5051.0;5
438000;;;STARFRUIT;SEASHELLS;5049.0;1
438600;;;AMETHYSTS;SEASHELLS;9998.0;1
438600;;;STARFRUIT;SEASHELLS;5050.0;1
438600;;;STARFRUIT;SEASHELLS;5050.0;12
438700;;;STARFRUIT;SEASHELLS;5050.0;1
438700;;;AMETHYSTS;SEASHELLS;10002.0;1
438800;;;AMETHYSTS;SEASHELLS;9998.0;1
438800;;;STARFRUIT;SEASHELLS;5050.0;1
439000;;;STARFRUIT;SEASHELLS;5050.0;1
439100;;;STARFRUIT;SEASHELLS;5051.0;1
439300;;;AMETHYSTS;SEASHELLS;10004.0;1
439300;;;AMETHYSTS;SEASHELLS;10004.0;1
439300;;;STARFRUIT;SEASHELLS;5056.0;2
439500;;;AMETHYSTS;SEASHELLS;9998.0;2
439600;;;STARFRUIT;SEASHELLS;5056.0;12
439600;;;AMETHYSTS;SEASHELLS;10002.0;1
439600;;;STARFRUIT;SEASHELLS;5056.0;2
439700;;;AMETHYSTS;SEASHELLS;10002.0;1
439800;;;STARFRUIT;SEASHELLS;5051.0;1
440000;;;AMETHYSTS;SEASHELLS;10002.0;1
440000;;;STARFRUIT;SEASHELLS;5058.0;2
440100;;;AMETHYSTS;SEASHELLS;10002.0;4
441200;;;STARFRUIT;SEASHELLS;5050.0;1
441300;;;AMETHYSTS;SEASHELLS;10002.0;2
441400;;;STARFRUIT;SEASHELLS;5055.0;1
441700;;;STARFRUIT;SEASHELLS;5054.0;1
441700;;;AMETHYSTS;SEASHELLS;9998.0;1
441700;;;STARFRUIT;SEASHELLS;5055.0;2
442200;;;AMETHYSTS;SEASHELLS;10002.0;1
442400;;;AMETHYSTS;SEASHELLS;10002.0;2
442400;;;STARFRUIT;SEASHELLS;5054.0;1
442600;;;STARFRUIT;SEASHELLS;5049.0;10
443100;;;STARFRUIT;SEASHELLS;5047.0;14
443100;;;AMETHYSTS;SEASHELLS;10002.0;1
443300;;;STARFRUIT;SEASHELLS;5048.0;1
444000;;;STARFRUIT;SEASHELLS;5051.0;2
444500;;;STARFRUIT;SEASHELLS;5054.0;13
444600;;;STARFRUIT;SEASHELLS;5053.0;11
444700;;;AMETHYSTS;SEASHELLS;9996.0;5
444700;;;AMETHYSTS;SEASHELLS;9996.0;2
444800;;;STARFRUIT;SEASHELLS;5047.0;1
445100;;;STARFRUIT;SEASHELLS;5055.0;8
445200;;;STARFRUIT;SEASHELLS;5053.0;1
445200;;;AMETHYSTS;SEASHELLS;9995.0;1
445400;;;STARFRUIT;SEASHELLS;5054.0;1
445400;;;STARFRUIT;SEASHELLS;5054.0;6
445400;;;AMETHYSTS;SEASHELLS;9996.0;1
445700;;;AMETHYSTS;SEASHELLS;9998.0;1
445700;;;STARFRUIT;SEASHELLS;5050.0;2
446100;;;STARFRUIT;SEASHELLS;5050.0;1
446300;;;AMETHYSTS;SEASHELLS;9998.0;4
446400;;;AMETHYSTS;SEASHELLS;9998.0;1
446600;;;STARFRUIT;SEASHELLS;5053.0;1
446600;;;STARFRUIT;SEASHELLS;5051.0;4
446800;;;AMETHYSTS;SEASHELLS;10002.0;3
447000;;;STARFRUIT;SEASHELLS;5053.0;1
447100;;;STARFRUIT;SEASHELLS;5053.0;1
447200;;;STARFRUIT;SEASHELLS;5052.0;5
447800;;;AMETHYSTS;SEASHELLS;9998.0;2
447800;;;STARFRUIT;SEASHELLS;5049.0;1
447800;;;AMETHYSTS;SEASHELLS;9998.0;6
447900;;;STARFRUIT;SEASHELLS;5055.0;10
447900;;;AMETHYSTS;SEASHELLS;10002.0;1
447900;;;STARFRUIT;SEASHELLS;5054.0;1
448200;;;AMETHYSTS;SEASHELLS;10004.0;1
448200;;;STARFRUIT;SEASHELLS;5055.0;1
448400;;;AMETHYSTS;SEASHELLS;9998.0;1
448600;;;AMETHYSTS;SEASHELLS;10002.0;1
448800;;;STARFRUIT;SEASHELLS;5050.0;1
448800;;;AMETHYSTS;SEASHELLS;9998.0;1
449500;;;AMETHYSTS;SEASHELLS;10002.0;5
449500;;;AMETHYSTS;SEASHELLS;10002.0;1
449500;;;AMETHYSTS;SEASHELLS;10005.0;12
449700;;;AMETHYSTS;SEASHELLS;9998.0;9
449900;;;AMETHYSTS;SEASHELLS;9995.0;1
449900;;;STARFRUIT;SEASHELLS;5052.0;1
450100;;;STARFRUIT;SEASHELLS;5057.0;1
450700;;;AMETHYSTS;SEASHELLS;10004.0;5
450700;;;AMETHYSTS;SEASHELLS;10004.0;2
450700;;;AMETHYSTS;SEASHELLS;10002.0;1
450900;;;AMETHYSTS;SEASHELLS;9998.0;2
450900;;;AMETHYSTS;SEASHELLS;9998.0;1
450900;;;STARFRUIT;SEASHELLS;5052.0;2
451400;;;STARFRUIT;SEASHELLS;5052.0;4
451500;;;AMETHYSTS;SEASHELLS;9998.0;2
451500;;;STARFRUIT;SEASHELLS;5053.0;2
451600;;;STARFRUIT;SEASHELLS;5057.0;2
452000;;;AMETHYSTS;SEASHELLS;10002.0;3
452000;;;AMETHYSTS;SEASHELLS;10002.0;1
452100;;;STARFRUIT;SEASHELLS;5053.0;15
452300;;;STARFRUIT;SEASHELLS;5055.0;5
452500;;;STARFRUIT;SEASHELLS;5057.0;4
452900;;;STARFRUIT;SEASHELLS;5055.0;1
452900;;;STARFRUIT;SEASHELLS;5055.0;7
453300;;;AMETHYSTS;SEASHELLS;9998.0;1
453300;;;STARFRUIT;SEASHELLS;5055.0;1
453400;;;STARFRUIT;SEASHELLS;5060.0;1
453400;;;STARFRUIT;SEASHELLS;5059.0;2
453400;;;AMETHYSTS;SEASHELLS;10005.0;2
453700;;;STARFRUIT;SEASHELLS;5061.0;1
453800;;;STARFRUIT;SEASHELLS;5056.0;1
453900;;;STARFRUIT;SEASHELLS;5056.0;1
454100;;;STARFRUIT;SEASHELLS;5063.0;9
454500;;;AMETHYSTS;SEASHELLS;10002.0;1
454800;;;AMETHYSTS;SEASHELLS;9998.0;1
454800;;;STARFRUIT;SEASHELLS;5057.0;1
455000;;;STARFRUIT;SEASHELLS;5058.0;4
455200;;;AMETHYSTS;SEASHELLS;9996.0;1
455200;;;STARFRUIT;SEASHELLS;5057.0;1
455400;;;STARFRUIT;SEASHELLS;5060.0;4
455500;;;STARFRUIT;SEASHELLS;5061.0;1
455600;;;AMETHYSTS;SEASHELLS;10002.0;1
455700;;;AMETHYSTS;SEASHELLS;9998.0;1
455800;;;AMETHYSTS;SEASHELLS;9998.0;1
456500;;;STARFRUIT;SEASHELLS;5057.0;11
456700;;;AMETHYSTS;SEASHELLS;9998.0;2
457100;;;AMETHYSTS;SEASHELLS;9998.0;1
457900;;;STARFRUIT;SEASHELLS;5059.0;1
458800;;;STARFRUIT;SEASHELLS;5064.0;3
459200;;;AMETHYSTS;SEASHELLS;10002.0;2
459200;;;STARFRUIT;SEASHELLS;5066.0;2
459600;;;AMETHYSTS;SEASHELLS;10002.0;1
460000;;;AMETHYSTS;SEASHELLS;10004.0;1
460000;;;STARFRUIT;SEASHELLS;5065.0;1
460100;;;STARFRUIT;SEASHELLS;5064.0;1
460500;;;STARFRUIT;SEASHELLS;5064.0;1
460700;;;STARFRUIT;SEASHELLS;5059.0;8
461300;;;STARFRUIT;SEASHELLS;5066.0;1
461300;;;AMETHYSTS;SEASHELLS;9998.0;1
461500;;;STARFRUIT;SEASHELLS;5066.0;1
461500;;;AMETHYSTS;SEASHELLS;10002.0;3
462000;;;AMETHYSTS;SEASHELLS;9998.0;1
462300;;;AMETHYSTS;SEASHELLS;9996.0;1
462700;;;AMETHYSTS;SEASHELLS;10002.0;1
462900;;;AMETHYSTS;SEASHELLS;9998.0;2
462900;;;AMETHYSTS;SEASHELLS;9998.0;1
463000;;;STARFRUIT;SEASHELLS;5067.0;1
463000;;;AMETHYSTS;SEASHELLS;10002.0;1
463000;;;AMETHYSTS;SEASHELLS;10002.0;3
463000;;;AMETHYSTS;SEASHELLS;10004.0;1
463100;;;AMETHYSTS;SEASHELLS;9998.0;4
463300;;;STARFRUIT;SEASHELLS;5061.0;1
463800;;;AMETHYSTS;SEASHELLS;10002.0;1
464000;;;AMETHYSTS;SEASHELLS;9998.0;5
464300;;;STARFRUIT;SEASHELLS;5061.0;1
464500;;;AMETHYSTS;SEASHELLS;9998.0;3
464500;;;AMETHYSTS;SEASHELLS;10004.0;1
464500;;;STARFRUIT;SEASHELLS;5064.0;2
464500;;;AMETHYSTS;SEASHELLS;10004.0;1
464500;;;STARFRUIT;SEASHELLS;5065.0;10
464500;;;STARFRUIT;SEASHELLS;5067.0;2
464700;;;AMETHYSTS;SEASHELLS;10002.0;1
465000;;;AMETHYSTS;SEASHELLS;9998.0;3
465100;;;STARFRUIT;SEASHELLS;5066.0;9
465200;;;AMETHYSTS;SEASHELLS;9998.0;1
465600;;;AMETHYSTS;SEASHELLS;9996.0;1
465600;;;AMETHYSTS;SEASHELLS;9996.0;1
465600;;;STARFRUIT;SEASHELLS;5058.0;1
465600;;;STARFRUIT;SEASHELLS;5058.0;1
465700;;;STARFRUIT;SEASHELLS;5063.0;0
465700;;;STARFRUIT;SEASHELLS;5063.0;5
465700;;;STARFRUIT;SEASHELLS;5063.0;3
465700;;;STARFRUIT;SEASHELLS;5063.0;1
465800;;;AMETHYSTS;SEASHELLS;9998.0;1
466000;;;AMETHYSTS;SEASHELLS;9998.0;1
466200;;;AMETHYSTS;SEASHELLS;9995.0;2
466200;;;STARFRUIT;SEASHELLS;5058.0;2
466300;;;AMETHYSTS;SEASHELLS;10004.0;2
466400;;;AMETHYSTS;SEASHELLS;10002.0;1
466600;;;AMETHYSTS;SEASHELLS;9996.0;1
466600;;;STARFRUIT;SEASHELLS;5064.0;1
466800;;;AMETHYSTS;SEASHELLS;10002.0;1
466900;;;STARFRUIT;SEASHELLS;5059.0;1
466900;;;AMETHYSTS;SEASHELLS;9998.0;2
467000;;;STARFRUIT;SEASHELLS;5060.0;1
467200;;;AMETHYSTS;SEASHELLS;10002.0;1
467800;;;STARFRUIT;SEASHELLS;5062.0;3
467900;;;STARFRUIT;SEASHELLS;5057.0;1
468600;;;STARFRUIT;SEASHELLS;5063.0;14
468800;;;AMETHYSTS;SEASHELLS;10004.0;1
468800;;;AMETHYSTS;SEASHELLS;10004.0;2
469100;;;STARFRUIT;SEASHELLS;5062.0;1
469900;;;STARFRUIT;SEASHELLS;5059.0;3
469900;;;AMETHYSTS;SEASHELLS;10002.0;1
469900;;;STARFRUIT;SEASHELLS;5057.0;1
470000;;;AMETHYSTS;SEASHELLS;10004.0;1
470000;;;STARFRUIT;SEASHELLS;5061.0;2
470000;;;STARFRUIT;SEASHELLS;5063.0;1
470600;;;STARFRUIT;SEASHELLS;5055.0;1
470900;;;STARFRUIT;SEASHELLS;5059.0;1
471200;;;STARFRUIT;SEASHELLS;5061.0;8
471500;;;STARFRUIT;SEASHELLS;5059.0;2
471500;;;AMETHYSTS;SEASHELLS;10004.0;2
471600;;;STARFRUIT;SEASHELLS;5059.0;1
472300;;;AMETHYSTS;SEASHELLS;9998.0;1
472300;;;STARFRUIT;SEASHELLS;5055.0;2
472300;;;STARFRUIT;SEASHELLS;5054.0;1
472400;;;AMETHYSTS;SEASHELLS;9998.0;1
472500;;;STARFRUIT;SEASHELLS;5056.0;4
473000;;;STARFRUIT;SEASHELLS;5056.0;1
473100;;;STARFRUIT;SEASHELLS;5056.0;11
473100;;;AMETHYSTS;SEASHELLS;10004.0;2
473200;;;STARFRUIT;SEASHELLS;5057.0;1
473300;;;AMETHYSTS;SEASHELLS;10002.0;1
473300;;;AMETHYSTS;SEASHELLS;10002.0;1
473300;;;STARFRUIT;SEASHELLS;5063.0;2
473500;;;AMETHYSTS;SEASHELLS;9998.0;2
473600;;;STARFRUIT;SEASHELLS;5059.0;2
473600;;;AMETHYSTS;SEASHELLS;10002.0;2
473600;;;STARFRUIT;SEASHELLS;5059.0;2
473800;;;AMETHYSTS;SEASHELLS;10004.0;2
473800;;;AMETHYSTS;SEASHELLS;10004.0;2
473900;;;STARFRUIT;SEASHELLS;5058.0;1
474600;;;AMETHYSTS;SEASHELLS;10002.0;1
475000;;;STARFRUIT;SEASHELLS;5058.0;1
475500;;;AMETHYSTS;SEASHELLS;10002.0;1
475700;;;STARFRUIT;SEASHELLS;5058.0;12
475700;;;STARFRUIT;SEASHELLS;5059.0;1
476600;;;AMETHYSTS;SEASHELLS;10004.0;6
476600;;;AMETHYSTS;SEASHELLS;10004.0;2
476700;;;STARFRUIT;SEASHELLS;5063.0;1
477000;;;STARFRUIT;SEASHELLS;5062.0;1
477100;;;STARFRUIT;SEASHELLS;5057.0;1
477400;;;STARFRUIT;SEASHELLS;5057.0;12
477400;;;STARFRUIT;SEASHELLS;5064.0;1
477400;;;AMETHYSTS;SEASHELLS;10005.0;1
477600;;;STARFRUIT;SEASHELLS;5057.0;1
477700;;;STARFRUIT;SEASHELLS;5063.0;12
477700;;;STARFRUIT;SEASHELLS;5063.0;1
477800;;;AMETHYSTS;SEASHELLS;10002.0;1
477800;;;AMETHYSTS;SEASHELLS;10002.0;1
477900;;;STARFRUIT;SEASHELLS;5061.0;5
478000;;;AMETHYSTS;SEASHELLS;9998.0;1
478100;;;AMETHYSTS;SEASHELLS;10005.0;6
