day;timestamp;product;bid_price_1;bid_volume_1;bid_price_2;bid_volume_2;bid_price_3;bid_volume_3;ask_price_1;ask_volume_1;ask_price_2;ask_volume_2;ask_price_3;ask_volume_3;mid_price;profit_and_loss
2;0;ROSES;14421;30;14420;42;;;14422;72;;;;;14421.5;0.0
2;0;STRAWBERRIES;4036;181;;;;;4037;181;;;;;4036.5;0.0
2;0;AMETHYSTS;9996;2;9995;25;;;10004;2;10005;25;;;10000.0;0.0
2;0;ORCHIDS;1053;7;1052;2;1046;46;1059;7;1060;2;1067;46;1056.0;0.0
2;0;STARFRUIT;5023;1;5022;27;;;5029;27;;;;;5026.0;0.0
2;0;CHOCOLATE;7888;117;;;;;7890;117;;;;;7889.0;0.0
2;0;GIFT_BASKET;70593;2;70592;14;70591;30;70604;2;70605;14;70606;30;70598.5;0.0
2;100;CHOCOLATE;7889;137;;;;;7890;50;7891;87;;;7889.5;0.0
2;100;GIFT_BASKET;70610;2;70609;10;70608;20;70621;2;70622;10;70623;20;70615.5;0.0
2;100;AMETHYSTS;9996;2;9995;28;;;9998;1;10004;2;10005;28;9997.0;0.0
2;100;STRAWBERRIES;4036;189;;;;;4037;87;4038;102;;;4036.5;0.0
2;100;ROSES;14423;57;;;;;14425;57;;;;;14424.0;0.0
2;100;STARFRUIT;5027;11;5023;3;5022;30;5029;30;;;;;5028.0;0.0
2;100;ORCHIDS;1051;8;1050;2;1045;46;1058;8;1059;2;1065;46;1054.5;0.0
2;200;AMETHYSTS;9995;20;;;;;10005;20;;;;;10000.0;0.0
2;200;ORCHIDS;1051;7;1050;4;1045;41;1058;7;1059;4;1065;41;1054.5;0.0
2;200;STARFRUIT;5021;20;;;;;5028;20;;;;;5024.5;0.0
2;200;CHOCOLATE;7890;43;7889;75;;;7891;118;;;;;7890.5;0.0
2;200;GIFT_BASKET;70611;14;70609;25;;;70624;14;70625;25;;;70617.5;0.0
2;200;STRAWBERRIES;4036;228;;;;;4038;228;;;;;4037.0;0.0
2;200;ROSES;14422;67;;;;;14423;67;;;;;14422.5;0.0
2;300;ROSES;14421;64;;;;;14422;22;14423;42;;;14421.5;0.0
2;300;STRAWBERRIES;4036;252;;;;;4038;252;;;;;4037.0;0.0
2;300;STARFRUIT;5022;21;;;;;5029;21;;;;;5025.5;0.0
2;300;ORCHIDS;1052;8;1051;3;1045;47;1059;8;1060;3;1066;47;1055.5;0.0
2;300;GIFT_BASKET;70610;1;70609;19;70608;22;70621;1;70622;19;70623;22;70615.5;0.0
2;300;CHOCOLATE;7889;110;;;;;7891;110;;;;;7890.0;0.0
2;300;AMETHYSTS;9996;1;9995;20;;;10004;1;10005;20;;;10000.0;0.0
2;400;ROSES;14421;68;;;;;14423;68;;;;;14422.0;0.0
2;400;STRAWBERRIES;4036;267;;;;;4038;267;;;;;4037.0;0.0
2;400;AMETHYSTS;9995;30;;;;;10005;30;;;;;10000.0;0.0
2;400;ORCHIDS;1053;9;1052;5;1046;58;1060;9;1061;5;1067;58;1056.5;0.0
2;400;GIFT_BASKET;70623;19;70622;21;;;70636;19;70637;21;;;70629.5;0.0
2;400;STARFRUIT;5022;8;5021;30;;;5028;30;;;;;5025.0;0.0
2;400;CHOCOLATE;7889;125;;;;;7891;125;;;;;7890.0;0.0
2;500;GIFT_BASKET;70631;16;70630;27;;;70644;16;70645;27;;;70637.5;0.0
2;500;CHOCOLATE;7888;125;;;;;7890;125;;;;;7889.0;0.0
2;500;AMETHYSTS;10000;6;9995;22;;;10005;22;;;;;10002.5;0.0
2;500;ROSES;14422;27;14421;36;;;14423;63;;;;;14422.5;0.0
2;500;STRAWBERRIES;4037;86;4036;200;;;4038;286;;;;;4037.5;0.0
2;500;STARFRUIT;5025;6;5023;7;5022;22;5029;22;;;;;5027.0;0.0
2;500;ORCHIDS;1053;10;1052;2;1047;48;1060;10;1061;2;1067;48;1056.5;0.0
2;600;AMETHYSTS;9995;29;;;;;10005;29;;;;;10000.0;0.0
2;600;ORCHIDS;1054;9;1053;4;1048;58;1061;9;1062;4;1068;58;1057.5;0.0
2;600;GIFT_BASKET;70637;4;70631;20;70630;21;70644;20;70645;21;;;70640.5;0.0
2;600;STARFRUIT;5022;29;;;;;5029;29;;;;;5025.5;0.0
2;600;CHOCOLATE;7888;129;;;;;7890;129;;;;;7889.0;0.0
2;600;ROSES;14421;55;;;;;14423;55;;;;;14422.0;0.0
2;600;STRAWBERRIES;4037;256;;;;;4038;256;;;;;4037.5;0.0
2;700;ROSES;14423;59;;;;;14424;29;14425;30;;;14423.5;0.0
2;700;STRAWBERRIES;4037;63;4036;198;;;4038;261;;;;;4037.5;0.0
2;700;STARFRUIT;5025;4;5022;30;;;5029;30;;;;;5027.0;0.0
2;700;ORCHIDS;1054;5;1053;4;1047;52;1061;5;1062;4;1068;52;1057.5;0.0
2;700;GIFT_BASKET;70633;1;70632;18;70631;29;70644;1;70645;18;70646;29;70638.5;0.0
2;700;CHOCOLATE;7888;120;;;;;7890;120;;;;;7889.0;0.0
2;700;AMETHYSTS;10000;4;9996;1;9995;29;10004;1;10005;29;;;10002.0;0.0
2;800;ROSES;14426;57;;;;;14427;20;14428;37;;;14426.5;0.0
2;800;STRAWBERRIES;4037;51;4036;174;;;4038;225;;;;;4037.5;0.0
2;800;ORCHIDS;1054;5;1053;3;1048;42;1061;5;1062;3;1068;42;1057.5;0.0
2;800;GIFT_BASKET;70640;1;70639;10;70637;20;70650;1;70652;10;70653;20;70645.0;0.0
2;800;STARFRUIT;5022;28;;;;;5023;1;5028;1;5029;27;5022.5;0.0
2;800;CHOCOLATE;7889;93;;;;;7891;93;;;;;7890.0;0.0
2;800;AMETHYSTS;9996;1;9995;27;;;9998;1;10004;1;10005;27;9997.0;0.0
2;900;GIFT_BASKET;70641;1;70640;17;70639;19;70652;1;70653;17;70654;19;70646.5;0.0
2;900;CHOCOLATE;7888;109;;;;;7890;109;;;;;7889.0;0.0
2;900;AMETHYSTS;10002;1;9996;1;9995;24;10004;1;10005;24;;;10003.0;0.0
2;900;STARFRUIT;5022;1;5021;24;;;5028;25;;;;;5025.0;0.0
2;900;ROSES;14428;49;;;;;14430;49;;;;;14429.0;0.0
2;900;STRAWBERRIES;4037;61;4036;161;;;4038;222;;;;;4037.5;0.0
2;900;ORCHIDS;1057;10;1054;5;1053;3;1061;5;1062;3;1068;46;1059.0;0.0
2;1000;ORCHIDS;1054;10;1053;3;1047;44;1061;10;1062;3;1068;44;1057.5;0.0
2;1000;GIFT_BASKET;70658;5;70657;22;;;70671;12;70672;22;;;70664.5;0.0
2;1000;STARFRUIT;5021;22;;;;;5028;22;;;;;5024.5;0.0
2;1000;CHOCOLATE;7890;116;;;;;7892;116;;;;;7891.0;0.0
2;1000;AMETHYSTS;9995;22;;;;;10005;22;;;;;10000.0;0.0
2;1000;ROSES;14427;61;;;;;14428;22;14429;39;;;14427.5;0.0
2;1000;STRAWBERRIES;4036;241;;;;;4038;241;;;;;4037.0;0.0
2;1100;STARFRUIT;5022;27;;;;;5027;4;5028;1;5029;26;5024.5;0.0
2;1100;ROSES;14422;50;;;;;14423;18;14424;32;;;14422.5;0.0
2;1100;STRAWBERRIES;4036;218;;;;;4037;68;4038;150;;;4036.5;0.0
2;1100;ORCHIDS;1054;6;1053;2;1047;50;1060;6;1061;2;1068;50;1057.0;0.0
2;1100;GIFT_BASKET;70648;1;70646;18;70645;18;70658;1;70659;18;70661;18;70653.0;0.0
2;1100;CHOCOLATE;7891;133;;;;;7893;133;;;;;7892.0;0.0
2;1100;AMETHYSTS;10002;4;9996;1;9995;26;10004;1;10005;26;;;10003.0;0.0
2;1200;ROSES;14422;69;;;;;14424;69;;;;;14423.0;0.0
2;1200;STRAWBERRIES;4036;262;;;;;4037;64;4038;198;;;4036.5;0.0
2;1200;ORCHIDS;1055;9;1054;4;1049;48;1062;9;1063;4;1069;48;1058.5;0.0
2;1200;GIFT_BASKET;70649;2;70648;17;70647;28;70660;2;70661;17;70662;28;70654.5;0.0
2;1200;STARFRUIT;5022;24;;;;;5028;2;5029;22;;;5025.0;0.0
2;1200;CHOCOLATE;7892;125;;;;;7893;53;7894;64;;;7892.5;0.0
2;1200;AMETHYSTS;9996;2;9995;22;;;10004;2;10005;22;;;10000.0;0.0
2;1300;GIFT_BASKET;70623;1;70622;18;70620;17;70633;1;70635;18;70636;17;70628.0;0.0
2;1300;ORCHIDS;1055;5;1054;4;1049;53;1062;5;1063;4;1069;53;1058.5;0.0
2;1300;CHOCOLATE;7891;137;;;;;7892;54;7893;83;;;7891.5;0.0
2;1300;AMETHYSTS;9996;1;9995;30;;;9998;1;10004;1;10005;30;9997.0;0.0
2;1300;ROSES;14415;49;;;;;14416;49;;;;;14415.5;0.0
2;1300;STARFRUIT;5021;31;;;;;5022;1;5028;31;;;5021.5;0.0
2;1300;STRAWBERRIES;4035;249;;;;;4037;249;;;;;4036.0;0.0
2;1400;STRAWBERRIES;4035;267;;;;;4037;267;;;;;4036.0;0.0
2;1400;STARFRUIT;5022;24;;;;;5023;2;5029;24;;;5022.5;0.0
2;1400;GIFT_BASKET;70620;16;70618;29;;;70633;16;70634;29;;;70626.5;0.0
2;1400;CHOCOLATE;7889;162;;;;;7890;64;7891;98;;;7889.5;0.0
2;1400;AMETHYSTS;9995;24;;;;;10005;24;;;;;10000.0;0.0
2;1400;ROSES;14417;29;14416;31;;;14418;60;;;;;14417.5;0.0
2;1400;ORCHIDS;1058;6;1057;2;1051;46;1065;6;1066;2;1072;46;1061.5;0.0
2;1500;ROSES;14418;64;;;;;14420;64;;;;;14419.0;0.0
2;1500;STARFRUIT;5022;20;;;;;5028;1;5029;20;;;5025.0;0.0
2;1500;CHOCOLATE;7890;52;7889;92;;;7891;144;;;;;7890.5;0.0
2;1500;GIFT_BASKET;70626;1;70625;16;70624;22;70637;1;70638;16;70639;22;70631.5;0.0
2;1500;ORCHIDS;1057;7;1056;2;1050;43;1064;7;1065;2;1071;43;1060.5;0.0
2;1500;AMETHYSTS;9996;1;9995;20;;;10004;1;10005;20;;;10000.0;0.0
2;1500;STRAWBERRIES;4035;192;;;;;4037;192;;;;;4036.0;0.0
2;1600;CHOCOLATE;7892;61;7891;64;;;7893;125;;;;;7892.5;0.0
2;1600;ROSES;14415;66;;;;;14416;21;14417;45;;;14415.5;0.0
2;1600;ORCHIDS;1058;6;1057;3;1051;50;1065;6;1066;3;1072;50;1061.5;0.0
2;1600;STRAWBERRIES;4036;64;4035;185;;;4037;249;;;;;4036.5;0.0
2;1600;STARFRUIT;5022;28;;;;;5029;28;;;;;5025.5;0.0
2;1600;GIFT_BASKET;70635;16;70634;21;;;70648;16;70649;21;;;70641.5;0.0
2;1600;AMETHYSTS;9995;28;;;;;10005;28;;;;;10000.0;0.0
2;1700;GIFT_BASKET;70641;19;70640;17;;;70654;19;70655;17;;;70647.5;0.0
2;1700;ORCHIDS;1057;8;1056;4;1051;52;1064;8;1065;4;1071;52;1060.5;0.0
2;1700;AMETHYSTS;9995;25;;;;;10005;25;;;;;10000.0;0.0
2;1700;STRAWBERRIES;4036;236;;;;;4037;98;4038;138;;;4036.5;0.0
2;1700;ROSES;14417;17;14416;43;;;14418;60;;;;;14417.5;0.0
2;1700;STARFRUIT;5022;25;;;;;5029;25;;;;;5025.5;0.0
2;1700;CHOCOLATE;7892;136;;;;;7894;136;;;;;7893.0;0.0
2;1800;STRAWBERRIES;4036;175;;;;;4037;175;;;;;4036.5;0.0
2;1800;STARFRUIT;5026;5;5022;28;;;5027;3;5029;28;;;5026.5;0.0
2;1800;GIFT_BASKET;70628;1;70627;14;70626;21;70639;1;70640;14;70641;21;70633.5;0.0
2;1800;AMETHYSTS;9996;1;9995;27;;;10004;1;10005;27;;;10000.0;0.0
2;1800;CHOCOLATE;7892;62;7891;59;;;7893;121;;;;;7892.5;0.0
2;1800;ROSES;14415;53;;;;;14416;53;;;;;14415.5;0.0
2;1800;ORCHIDS;1056;8;1055;3;1050;49;1063;8;1064;3;1070;49;1059.5;0.0
2;1900;STARFRUIT;5022;28;;;;;5029;28;;;;;5025.5;0.0
2;1900;ROSES;14418;73;;;;;14419;23;14420;50;;;14418.5;0.0
2;1900;CHOCOLATE;7891;132;;;;;7893;132;;;;;7892.0;0.0
2;1900;GIFT_BASKET;70633;1;70632;14;70631;23;70644;1;70645;14;70646;23;70638.5;0.0
2;1900;ORCHIDS;1056;7;1055;2;1050;48;1060;9;1063;7;1064;2;1058.0;0.0
2;1900;AMETHYSTS;9996;1;9995;27;;;10002;3;10004;1;10005;27;9999.0;0.0
2;1900;STRAWBERRIES;4036;267;;;;;4038;267;;;;;4037.0;0.0
2;2000;CHOCOLATE;7890;125;;;;;7892;125;;;;;7891.0;0.0
2;2000;ROSES;14416;59;;;;;14417;19;14418;40;;;14416.5;0.0
2;2000;ORCHIDS;1059;8;1058;4;1052;55;1066;8;1067;4;1073;55;1062.5;0.0
2;2000;STRAWBERRIES;4036;263;;;;;4038;263;;;;;4037.0;0.0
2;2000;STARFRUIT;5022;30;;;;;5029;30;;;;;5025.5;0.0
2;2000;GIFT_BASKET;70622;1;70621;18;70620;19;70633;1;70634;18;70635;19;70627.5;0.0
2;2000;AMETHYSTS;9996;1;9995;29;;;10004;1;10005;29;;;10000.0;0.0
2;2100;GIFT_BASKET;70623;19;70622;23;;;70636;19;70637;23;;;70629.5;0.0
2;2100;ORCHIDS;1058;9;1057;3;1051;57;1065;9;1066;3;1072;57;1061.5;0.0
2;2100;AMETHYSTS;9995;29;;;;;10005;29;;;;;10000.0;0.0
2;2100;STRAWBERRIES;4036;216;;;;;4038;216;;;;;4037.0;0.0
2;2100;STARFRUIT;5021;29;;;;;5028;29;;;;;5024.5;0.0
2;2100;ROSES;14414;68;;;;;14415;68;;;;;14414.5;0.0
2;2100;CHOCOLATE;7891;44;7890;68;;;7892;112;;;;;7891.5;0.0
2;2200;STRAWBERRIES;4037;253;;;;;4038;253;;;;;4037.5;0.0
2;2200;STARFRUIT;5022;29;;;;;5029;29;;;;;5025.5;0.0
2;2200;GIFT_BASKET;70625;1;70624;13;70623;24;70636;1;70637;13;70638;24;70630.5;0.0
2;2200;AMETHYSTS;10002;1;9996;1;9995;28;10004;1;10005;28;;;10003.0;0.0
2;2200;CHOCOLATE;7889;144;;;;;7891;144;;;;;7890.0;0.0
2;2200;ROSES;14412;72;;;;;14413;24;14414;48;;;14412.5;0.0
2;2200;ORCHIDS;1058;9;1057;3;1051;50;1064;9;1065;3;1072;50;1061.0;0.0
2;2300;STARFRUIT;5022;22;;;;;5029;22;;;;;5025.5;0.0
2;2300;ROSES;14413;27;14412;46;;;14414;73;;;;;14413.5;0.0
2;2300;CHOCOLATE;7890;36;7889;88;;;7891;46;7892;88;;;7890.5;0.0
2;2300;GIFT_BASKET;70624;2;70623;18;70622;27;70635;2;70636;18;70637;27;70629.5;0.0
2;2300;ORCHIDS;1056;5;1055;5;1049;43;1063;5;1064;5;1070;43;1059.5;0.0
2;2300;AMETHYSTS;9996;2;9995;20;;;10002;1;10004;2;10005;20;9999.0;0.0
2;2300;STRAWBERRIES;4037;225;;;;;4038;225;;;;;4037.5;0.0
2;2400;CHOCOLATE;7891;137;;;;;7893;133;;;;;7892.0;0.0
2;2400;ORCHIDS;1057;10;1056;3;1050;49;1064;10;1065;3;1071;49;1060.5;0.0
2;2400;ROSES;14410;62;;;;;14411;62;;;;;14410.5;0.0
2;2400;STRAWBERRIES;4036;236;;;;;4038;236;;;;;4037.0;0.0
2;2400;STARFRUIT;5022;1;5021;24;;;5028;1;5029;24;;;5025.0;0.0
2;2400;GIFT_BASKET;70625;1;70624;15;70623;23;70636;1;70637;15;70638;23;70630.5;0.0
2;2400;AMETHYSTS;9996;1;9995;24;;;10004;1;10005;24;;;10000.0;0.0
2;2500;ORCHIDS;1056;5;1055;5;1049;47;1063;5;1064;5;1070;47;1059.5;0.0
2;2500;AMETHYSTS;9996;1;9995;28;;;10004;1;10005;28;;;10000.0;0.0
2;2500;STRAWBERRIES;4036;222;;;;;4038;222;;;;;4037.0;0.0
2;2500;STARFRUIT;5022;3;5021;28;;;5028;29;;;;;5025.0;0.0
2;2500;ROSES;14416;70;;;;;14417;70;;;;;14416.5;0.0
2;2500;CHOCOLATE;7889;133;;;;;7891;133;;;;;7890.0;0.0
2;2500;GIFT_BASKET;70625;1;70624;14;70623;23;70636;1;70637;14;70638;23;70630.5;0.0
2;2600;STRAWBERRIES;4037;214;;;;;4038;214;;;;;4037.5;0.0
2;2600;STARFRUIT;5022;23;;;;;5027;7;5028;2;5029;22;5024.5;0.0
2;2600;AMETHYSTS;9996;2;9995;22;;;10004;2;10005;22;;;10000.0;0.0
2;2600;CHOCOLATE;7887;53;7886;68;;;7888;53;7889;68;;;7887.5;0.0
2;2600;GIFT_BASKET;70604;2;70603;11;70602;30;70615;2;70616;11;70617;30;70609.5;0.0
2;2600;ORCHIDS;1055;5;1054;2;1048;38;1059;5;1062;5;1063;2;1057.0;0.0
2;2600;ROSES;14415;64;;;;;14416;64;;;;;14415.5;0.0
2;2700;STARFRUIT;5023;2;5022;28;;;5028;2;5029;26;;;5025.5;0.0
2;2700;ROSES;14420;27;14419;43;;;14421;70;;;;;14420.5;0.0
2;2700;CHOCOLATE;7888;150;;;;;7889;58;7890;92;;;7888.5;0.0
2;2700;GIFT_BASKET;70621;2;70620;19;70619;27;70632;2;70633;19;70634;27;70626.5;0.0
2;2700;ORCHIDS;1055;8;1054;2;1049;53;1062;8;1063;2;1069;53;1058.5;0.0
2;2700;AMETHYSTS;9996;2;9995;26;;;10004;2;10005;26;;;10000.0;0.0
2;2700;STRAWBERRIES;4037;250;;;;;4038;255;;;;;4037.5;0.0
2;2800;CHOCOLATE;7889;127;;;;;7890;56;7891;71;;;7889.5;0.0
2;2800;GIFT_BASKET;70632;2;70631;20;70629;24;70642;2;70644;20;70645;24;70637.0;0.0
2;2800;ORCHIDS;1055;5;1054;3;1049;55;1062;5;1063;3;1069;55;1058.5;0.0
2;2800;ROSES;14419;70;;;;;14420;70;;;;;14419.5;0.0
2;2800;STRAWBERRIES;4037;185;;;;;4038;185;;;;;4037.5;0.0
2;2800;STARFRUIT;5023;2;5022;30;;;5029;2;5030;30;;;5026.0;0.0
2;2800;AMETHYSTS;9996;2;9995;30;;;10004;2;10005;30;;;10000.0;0.0
2;2900;ORCHIDS;1054;10;1053;5;1048;51;1061;10;1062;5;1068;51;1057.5;0.0
2;2900;AMETHYSTS;9996;2;9995;29;;;10004;2;10005;29;;;10000.0;0.0
2;2900;STRAWBERRIES;4036;229;;;;;4038;229;;;;;4037.0;0.0
2;2900;STARFRUIT;5023;31;;;;;5030;31;;;;;5026.5;0.0
2;2900;ROSES;14418;64;;;;;14419;64;;;;;14418.5;0.0
2;2900;CHOCOLATE;7888;49;7887;57;;;7889;58;7890;57;;;7888.5;0.0
2;2900;GIFT_BASKET;70611;2;70610;12;70609;23;70622;2;70623;12;70624;23;70616.5;0.0
2;3000;STARFRUIT;5023;30;;;;;5030;31;;;;;5026.5;0.0
2;3000;STRAWBERRIES;4036;203;;;;;4037;203;;;;;4036.5;0.0
2;3000;AMETHYSTS;9996;2;9995;29;;;9998;1;10004;2;10005;29;9997.0;0.0
2;3000;CHOCOLATE;7888;114;;;;;7890;114;;;;;7889.0;0.0
2;3000;GIFT_BASKET;70612;2;70611;11;70610;22;70623;2;70624;11;70625;22;70617.5;0.0
2;3000;ORCHIDS;1054;7;1053;4;1048;47;1061;7;1062;4;1068;47;1057.5;0.0
2;3000;ROSES;14416;58;;;;;14417;58;;;;;14416.5;0.0
2;3100;ROSES;14414;60;;;;;14415;60;;;;;14414.5;0.0
2;3100;CHOCOLATE;7888;40;7887;91;;;7889;131;;;;;7888.5;0.0
2;3100;GIFT_BASKET;70605;2;70604;19;70603;17;70616;2;70617;19;70618;17;70610.5;0.0
2;3100;STARFRUIT;5024;4;5023;28;;;5029;2;5030;26;;;5026.5;0.0
2;3100;ORCHIDS;1055;5;1054;2;1048;50;1062;5;1063;2;1069;50;1058.5;0.0
2;3100;AMETHYSTS;9996;2;9995;26;;;10002;10;10004;2;10005;26;9999.0;0.0
2;3100;STRAWBERRIES;4036;261;;;;;4037;261;;;;;4036.5;0.0
2;3200;CHOCOLATE;7888;53;7887;68;;;7889;53;7890;68;;;7888.5;0.0
2;3200;GIFT_BASKET;70604;18;70603;19;;;70617;18;70618;19;;;70610.5;0.0
2;3200;ORCHIDS;1053;7;1052;4;1047;48;1060;7;1061;4;1067;48;1056.5;0.0
2;3200;ROSES;14415;56;;;;;14416;19;14417;37;;;14415.5;0.0
2;3200;STARFRUIT;5023;23;;;;;5024;5;5030;23;;;5023.5;0.0
2;3200;STRAWBERRIES;4036;173;;;;;4038;173;;;;;4037.0;0.0
2;3200;AMETHYSTS;9995;23;;;;;10005;23;;;;;10000.0;0.0
2;3300;ORCHIDS;1053;6;1052;5;1046;44;1060;6;1061;5;1067;44;1056.5;0.0
2;3300;AMETHYSTS;9995;27;;;;;10005;27;;;;;10000.0;0.0
2;3300;STRAWBERRIES;4036;208;;;;;4037;208;;;;;4036.5;0.0
2;3300;ROSES;14418;48;;;;;14420;48;;;;;14419.0;0.0
2;3300;CHOCOLATE;7887;98;;;;;7888;47;7889;51;;;7887.5;0.0
2;3300;GIFT_BASKET;70594;11;70593;17;;;70607;11;70608;17;;;70600.5;0.0
2;3300;STARFRUIT;5028;1;5023;27;;;5030;27;;;;;5029.0;0.0
2;3400;STARFRUIT;5023;7;5022;27;;;5029;27;;;;;5026.0;0.0
2;3400;STRAWBERRIES;4036;212;;;;;4037;201;;;;;4036.5;0.0
2;3400;AMETHYSTS;9996;2;9995;25;;;10004;2;10005;25;;;10000.0;0.0
2;3400;CHOCOLATE;7888;45;7887;79;;;7889;124;;;;;7888.5;0.0
2;3400;GIFT_BASKET;70591;2;70590;19;70589;25;70602;2;70603;19;70604;25;70596.5;0.0
2;3400;ORCHIDS;1052;6;1051;2;1045;50;1059;6;1060;2;1066;50;1055.5;0.0
2;3400;ROSES;14419;25;14418;42;;;14420;67;;;;;14419.5;0.0
2;3500;ROSES;14416;58;;;;;14417;22;14418;36;;;14416.5;0.0
2;3500;CHOCOLATE;7890;65;7889;88;;;7891;153;;;;;7890.5;0.0
2;3500;GIFT_BASKET;70595;11;70594;22;;;70608;11;70609;22;;;70601.5;0.0
2;3500;STARFRUIT;5022;29;;;;;5027;3;5029;29;;;5024.5;0.0
2;3500;AMETHYSTS;9995;29;;;;;10005;29;;;;;10000.0;0.0
2;3500;ORCHIDS;1053;5;1052;5;1046;45;1060;5;1061;5;1067;45;1056.5;0.0
2;3500;STRAWBERRIES;4036;88;4035;144;;;4037;232;;;;;4036.5;0.0
2;3600;CHOCOLATE;7888;123;;;;;7890;123;;;;;7889.0;0.0
2;3600;GIFT_BASKET;70606;10;70605;15;;;70619;10;70620;15;;;70612.5;0.0
2;3600;ROSES;14417;15;14416;39;;;14418;54;;;;;14417.5;0.0
2;3600;ORCHIDS;1055;8;1054;2;1048;43;1062;8;1063;2;1069;43;1058.5;0.0
2;3600;STARFRUIT;5022;25;;;;;5027;3;5029;25;;;5024.5;0.0
2;3600;STRAWBERRIES;4036;70;4035;148;;;4037;218;;;;;4036.5;0.0
2;3600;AMETHYSTS;9995;25;;;;;10005;25;;;;;10000.0;0.0
2;3700;AMETHYSTS;9998;6;9995;20;;;10005;20;;;;;10001.5;0.0
2;3700;ORCHIDS;1056;6;1055;5;1050;38;1063;6;1064;5;1070;38;1059.5;0.0
2;3700;STRAWBERRIES;4035;206;;;;;4037;206;;;;;4036.0;0.0
2;3700;ROSES;14415;29;14414;36;;;14416;65;;;;;14415.5;0.0
2;3700;STARFRUIT;5022;2;5021;20;;;5028;20;;;;;5025.0;0.0
2;3700;CHOCOLATE;7888;46;7887;71;;;7889;117;;;;;7888.5;0.0
2;3700;GIFT_BASKET;70604;12;70603;29;;;70617;12;70618;29;;;70610.5;0.0
2;3800;STRAWBERRIES;4036;187;;;;;4038;187;;;;;4037.0;0.0
2;3800;STARFRUIT;5021;24;;;;;5028;24;;;;;5024.5;0.0
2;3800;AMETHYSTS;9995;24;;;;;10005;24;;;;;10000.0;0.0
2;3800;CHOCOLATE;7888;100;;;;;7889;39;7890;61;;;7888.5;0.0
2;3800;GIFT_BASKET;70604;15;70603;28;;;70617;15;70618;28;;;70610.5;0.0
2;3800;ROSES;14407;62;;;;;14409;62;;;;;14408.0;0.0
2;3800;ORCHIDS;1055;5;1054;4;1049;44;1062;5;1063;4;1069;44;1058.5;0.0
2;3900;ROSES;14408;62;;;;;14409;62;;;;;14408.5;0.0
2;3900;STARFRUIT;5021;1;5020;25;;;5023;1;5027;26;;;5022.0;0.0
2;3900;CHOCOLATE;7887;98;;;;;7889;98;;;;;7888.0;0.0
2;3900;GIFT_BASKET;70599;1;70598;11;70597;22;70610;1;70611;11;70612;22;70604.5;0.0
2;3900;AMETHYSTS;9996;1;9995;25;;;9998;1;10000;2;10004;1;9997.0;0.0
2;3900;ORCHIDS;1054;10;1053;2;1048;46;1061;10;1062;2;1068;46;1057.5;0.0
2;3900;STRAWBERRIES;4037;53;4036;140;;;4038;193;;;;;4037.5;0.0
2;4000;CHOCOLATE;7887;140;;;;;7888;61;7889;79;;;7887.5;0.0
2;4000;GIFT_BASKET;70589;1;70588;10;70587;20;70600;1;70601;10;70602;20;70594.5;0.0
2;4000;ROSES;14403;70;;;;;14404;20;14405;50;;;14403.5;0.0
2;4000;ORCHIDS;1054;5;1053;2;1048;37;1061;5;1062;2;1068;37;1057.5;0.0
2;4000;STRAWBERRIES;4037;79;4036;144;;;4038;223;;;;;4037.5;0.0
2;4000;STARFRUIT;5021;1;5020;22;;;5027;23;;;;;5024.0;0.0
2;4000;AMETHYSTS;9996;1;9995;22;;;10004;1;10005;22;;;10000.0;0.0
2;4100;AMETHYSTS;9998;4;9996;2;9995;24;10000;2;10004;2;10005;24;9999.0;0.0
2;4100;ORCHIDS;1053;10;1052;5;1047;44;1060;10;1061;5;1067;44;1056.5;0.0
2;4100;STRAWBERRIES;4037;4;4036;283;;;4038;283;;;;;4037.5;0.0
2;4100;ROSES;14401;55;;;;;14403;55;;;;;14402.0;0.0
2;4100;STARFRUIT;5021;2;5020;24;;;5025;7;5027;26;;;5023.0;0.0
2;4100;CHOCOLATE;7888;60;7887;95;;;7889;155;;;;;7888.5;0.0
2;4100;GIFT_BASKET;70592;2;70591;10;70590;15;70603;2;70604;10;70605;15;70597.5;0.0
2;4200;STRAWBERRIES;4037;236;;;;;4038;236;;;;;4037.5;0.0
2;4200;STARFRUIT;5020;29;;;;;5027;29;;;;;5023.5;0.0
2;4200;AMETHYSTS;9996;2;9995;27;;;10004;2;10005;27;;;10000.0;0.0
2;4200;CHOCOLATE;7886;132;;;;;7888;132;;;;;7887.0;0.0
2;4200;GIFT_BASKET;70589;2;70588;11;70587;21;70600;2;70601;11;70602;21;70594.5;0.0
2;4200;ROSES;14401;55;;;;;14403;55;;;;;14402.0;0.0
2;4200;ORCHIDS;1054;6;1053;5;1048;44;1061;6;1062;5;1068;44;1057.5;0.0
2;4300;ROSES;14400;70;;;;;14402;70;;;;;14401.0;0.0
2;4300;STARFRUIT;5020;22;;;;;5025;8;5027;22;;;5022.5;0.0
2;4300;CHOCOLATE;7888;63;7887;62;;;7889;63;7890;62;;;7888.5;0.0
2;4300;GIFT_BASKET;70592;1;70591;13;70590;22;70597;1;70603;1;70604;13;70594.5;0.0
2;4300;AMETHYSTS;9996;1;9995;21;;;10004;1;10005;21;;;10000.0;0.0
2;4300;ORCHIDS;1054;6;1053;3;1048;40;1061;6;1062;3;1068;40;1057.5;0.0
2;4300;STRAWBERRIES;4036;233;;;;;4038;233;;;;;4037.0;0.0
2;4400;CHOCOLATE;7887;138;;;;;7889;138;;;;;7888.0;0.0
2;4400;GIFT_BASKET;70586;2;70585;18;70584;30;70597;2;70598;18;70599;30;70591.5;0.0
2;4400;ROSES;14400;30;14399;42;;;14401;72;;;;;14400.5;0.0
2;4400;ORCHIDS;1057;5;1056;5;1050;47;1064;5;1065;5;1071;47;1060.5;0.0
2;4400;STRAWBERRIES;4036;262;;;;;4038;262;;;;;4037.0;0.0
2;4400;STARFRUIT;5021;2;5020;24;;;5027;26;;;;;5024.0;0.0
2;4400;AMETHYSTS;9996;2;9995;24;;;10004;2;10005;24;;;10000.0;0.0
2;4500;AMETHYSTS;9996;1;9995;25;;;10004;1;10005;25;;;10000.0;0.0
2;4500;ORCHIDS;1055;10;1054;3;1049;45;1062;10;1063;3;1069;45;1058.5;0.0
2;4500;STRAWBERRIES;4036;219;;;;;4037;75;4038;144;;;4036.5;0.0
2;4500;ROSES;14404;65;;;;;14405;65;;;;;14404.5;0.0
2;4500;STARFRUIT;5020;25;;;;;5027;26;;;;;5023.5;0.0
2;4500;CHOCOLATE;7888;129;;;;;7890;129;;;;;7889.0;0.0
2;4500;GIFT_BASKET;70590;1;70589;10;70588;29;70601;1;70602;10;70603;29;70595.5;0.0
2;4600;STRAWBERRIES;4036;277;;;;;4038;277;;;;;4037.0;0.0
2;4600;ROSES;14406;51;;;;;14408;51;;;;;14407.0;0.0
2;4600;STARFRUIT;5020;2;5019;21;;;5026;23;;;;;5023.0;0.0
2;4600;AMETHYSTS;9998;9;9996;2;9995;21;10004;2;10005;21;;;10001.0;0.0
2;4600;CHOCOLATE;7888;131;;;;;7890;131;;;;;7889.0;0.0
2;4600;GIFT_BASKET;70604;2;70603;12;70602;16;70615;2;70616;12;70617;16;70609.5;0.0
2;4600;ORCHIDS;1053;6;1052;3;1046;39;1060;6;1061;3;1067;39;1056.5;0.0
2;4700;GIFT_BASKET;70613;2;70612;19;70611;23;70624;2;70625;19;70626;23;70618.5;0.0
2;4700;STARFRUIT;5020;7;5019;27;;;5026;29;;;;;5023.0;0.0
2;4700;CHOCOLATE;7888;126;;;;;7890;118;;;;;7889.0;0.0
2;4700;AMETHYSTS;9996;2;9995;27;;;10004;2;10005;27;;;10000.0;0.0
2;4700;ORCHIDS;1053;9;1052;4;1047;55;1060;9;1061;4;1067;55;1056.5;0.0
2;4700;STRAWBERRIES;4036;237;;;;;4037;6;4038;237;;;4036.5;0.0
2;4700;ROSES;14410;57;;;;;14412;57;;;;;14411.0;0.0
2;4800;GIFT_BASKET;70620;1;70615;1;70614;17;70626;1;70627;17;70628;28;70623.0;0.0
2;4800;CHOCOLATE;7888;115;;;;;7890;115;;;;;7889.0;0.0
2;4800;ORCHIDS;1055;8;1054;2;1049;51;1062;8;1063;2;1069;51;1058.5;0.0
2;4800;ROSES;14411;67;;;;;14412;67;;;;;14411.5;0.0
2;4800;STRAWBERRIES;4037;80;4036;196;;;4038;276;;;;;4037.5;0.0
2;4800;STARFRUIT;5019;27;;;;;5026;27;;;;;5022.5;0.0
2;4800;AMETHYSTS;9996;1;9995;26;;;10002;4;10004;1;10005;26;9999.0;0.0
2;4900;AMETHYSTS;9996;2;9995;25;;;10004;2;10005;25;;;10000.0;0.0
2;4900;ORCHIDS;1058;8;1057;5;1051;46;1065;8;1066;5;1072;46;1061.5;0.0
2;4900;ROSES;14411;53;;;;;14413;53;;;;;14412.0;0.0
2;4900;STRAWBERRIES;4037;86;4036;107;;;4038;193;;;;;4037.5;0.0
2;4900;GIFT_BASKET;70620;2;70619;13;70618;21;70631;2;70632;13;70633;21;70625.5;0.0
2;4900;STARFRUIT;5019;27;;;;;5026;27;;;;;5022.5;0.0
2;4900;CHOCOLATE;7888;132;;;;;7889;5;7890;132;;;7888.5;0.0
2;5000;ROSES;14416;48;;;;;14417;18;14418;30;;;14416.5;0.0
2;5000;STRAWBERRIES;4037;67;4036;152;;;4038;219;;;;;4037.5;0.0
2;5000;STARFRUIT;5024;1;5020;6;5019;26;5026;26;;;;;5025.0;0.0
2;5000;AMETHYSTS;9995;26;;;;;10005;26;;;;;10000.0;0.0
2;5000;GIFT_BASKET;70605;14;70604;18;;;70618;14;70619;18;;;70611.5;0.0
2;5000;CHOCOLATE;7887;59;7886;67;;;7888;126;;;;;7887.5;0.0
2;5000;ORCHIDS;1059;10;1058;4;1052;50;1066;10;1067;4;1073;50;1062.5;0.0
2;5100;GIFT_BASKET;70609;14;70608;27;;;70622;14;70624;27;;;70615.5;0.0
2;5100;STARFRUIT;5018;24;;;;;5019;8;5025;24;;;5018.5;0.0
2;5100;CHOCOLATE;7887;115;;;;;7889;115;;;;;7888.0;0.0
2;5100;AMETHYSTS;9995;24;;;;;10005;24;;;;;10000.0;0.0
2;5100;ORCHIDS;1065;4;1060;6;1059;2;1067;6;1068;2;1074;44;1066.0;0.0
2;5100;ROSES;14414;66;;;;;14416;66;;;;;14415.0;0.0
2;5100;STRAWBERRIES;4036;238;;;;;4038;238;;;;;4037.0;0.0
2;5200;GIFT_BASKET;70612;14;70611;30;;;70625;14;70626;30;;;70618.5;0.0
2;5200;CHOCOLATE;7889;124;;;;;7890;64;7891;60;;;7889.5;0.0
2;5200;ORCHIDS;1061;9;1060;4;1055;53;1068;9;1069;4;1075;53;1064.5;0.0
2;5200;STARFRUIT;5022;5;5019;2;5018;30;5025;30;;;;;5023.5;0.0
2;5200;ROSES;14415;67;;;;;14417;63;;;;;14416.0;0.0
2;5200;STRAWBERRIES;4036;199;;;;;4037;199;;;;;4036.5;0.0
2;5200;AMETHYSTS;9995;30;;;;;10002;10;10005;30;;;9998.5;0.0
2;5300;ORCHIDS;1061;7;1060;3;1054;55;1068;7;1069;3;1075;55;1064.5;0.0
2;5300;ROSES;14416;29;14415;44;;;14417;73;;;;;14416.5;0.0
2;5300;STRAWBERRIES;4036;235;;;;;4038;235;;;;;4037.0;0.0
2;5300;GIFT_BASKET;70609;1;70608;19;70607;29;70620;1;70621;19;70622;29;70614.5;0.0
2;5300;STARFRUIT;5018;30;;;;;5019;7;5025;30;;;5018.5;0.0
2;5300;CHOCOLATE;7889;48;7888;70;;;7890;48;7891;70;;;7889.5;0.0
2;5300;AMETHYSTS;9996;1;9995;29;;;9998;2;10004;1;10005;29;9997.0;0.0
2;5400;STARFRUIT;5018;25;;;;;5025;25;;;;;5021.5;0.0
2;5400;ROSES;14416;60;;;;;14418;60;;;;;14417.0;0.0
2;5400;STRAWBERRIES;4036;198;;;;;4037;84;4038;111;;;4036.5;0.0
2;5400;GIFT_BASKET;70613;15;70612;30;;;70626;15;70627;30;;;70619.5;0.0
2;5400;CHOCOLATE;7891;123;;;;;7892;39;7893;84;;;7891.5;0.0
2;5400;AMETHYSTS;9995;25;;;;;10005;25;;;;;10000.0;0.0
2;5400;ORCHIDS;1062;10;1061;4;1056;50;1069;10;1070;4;1076;50;1065.5;0.0
2;5500;GIFT_BASKET;70618;1;70617;17;70616;24;70629;1;70630;17;70631;24;70623.5;0.0
2;5500;STARFRUIT;5018;30;;;;;5025;30;;;;;5021.5;0.0
2;5500;CHOCOLATE;7893;59;7892;72;;;7894;131;;;;;7893.5;0.0
2;5500;AMETHYSTS;9996;1;9995;29;;;10004;1;10005;29;;;10000.0;0.0
2;5500;ORCHIDS;1065;7;1064;2;1058;53;1072;7;1073;2;1079;53;1068.5;0.0
2;5500;ROSES;14418;60;;;;;14419;24;14420;36;;;14418.5;0.0
2;5500;STRAWBERRIES;4036;188;;;;;4037;188;;;;;4036.5;0.0
2;5600;GIFT_BASKET;70631;15;70630;16;;;70644;15;70645;16;;;70637.5;0.0
2;5600;CHOCOLATE;7893;134;;;;;7895;134;;;;;7894.0;0.0
2;5600;AMETHYSTS;9995;28;;;;;10005;28;;;;;10000.0;0.0
2;5600;ORCHIDS;1067;6;1066;5;1061;49;1074;6;1075;5;1081;49;1070.5;0.0
2;5600;STARFRUIT;5019;3;5018;28;;;5025;28;;;;;5022.0;0.0
2;5600;ROSES;14418;51;;;;;14420;51;;;;;14419.0;0.0
2;5600;STRAWBERRIES;4036;237;;;;;4037;94;4038;143;;;4036.5;0.0
2;5700;ROSES;14420;77;;;;;14422;77;;;;;14421.0;0.0
2;5700;ORCHIDS;1067;7;1066;5;1060;47;1074;7;1075;5;1081;47;1070.5;0.0
2;5700;STRAWBERRIES;4037;52;4036;182;;;4038;241;;;;;4037.5;0.0
2;5700;GIFT_BASKET;70637;1;70636;15;70635;27;70648;1;70649;15;70650;27;70642.5;0.0
2;5700;STARFRUIT;5019;26;;;;;5025;1;5026;25;;;5022.0;0.0
2;5700;CHOCOLATE;7894;39;7893;59;;;7895;98;;;;;7894.5;0.0
2;5700;AMETHYSTS;10002;1;9996;1;9995;25;10004;1;10005;25;;;10003.0;0.0
2;5800;ROSES;14418;58;;;;;14419;23;14420;35;;;14418.5;0.0
2;5800;STARFRUIT;5019;21;;;;;5026;21;;;;;5022.5;0.0
2;5800;STRAWBERRIES;4036;184;;;;;4038;184;;;;;4037.0;0.0
2;5800;GIFT_BASKET;70626;19;70625;23;;;70639;19;70640;23;;;70632.5;0.0
2;5800;ORCHIDS;1067;8;1066;5;1060;48;1074;8;1075;5;1081;48;1070.5;0.0
2;5800;CHOCOLATE;7893;111;;;;;7894;44;7895;67;;;7893.5;0.0
2;5800;AMETHYSTS;9995;21;;;;;10005;21;;;;;10000.0;0.0
2;5900;STARFRUIT;5018;30;;;;;5025;30;;;;;5021.5;0.0
2;5900;GIFT_BASKET;70621;15;70620;27;;;70634;15;70635;27;;;70627.5;0.0
2;5900;CHOCOLATE;7894;64;7893;65;;;7895;129;;;;;7894.5;0.0
2;5900;AMETHYSTS;9995;30;;;;;10005;30;;;;;10000.0;0.0
2;5900;STRAWBERRIES;4036;197;;;;;4037;65;4038;132;;;4036.5;0.0
2;5900;ROSES;14420;27;14419;43;;;14421;70;;;;;14420.5;0.0
2;5900;ORCHIDS;1067;8;1066;2;1061;53;1074;8;1075;2;1081;53;1070.5;0.0
2;6000;GIFT_BASKET;70619;2;70617;14;70616;16;70629;2;70630;14;70632;16;70624.0;0.0
2;6000;ORCHIDS;1068;5;1067;5;1062;45;1075;5;1076;5;1082;45;1071.5;0.0
2;6000;AMETHYSTS;9996;2;9995;26;;;10004;2;10005;26;;;10000.0;0.0
2;6000;CHOCOLATE;7895;57;7894;88;;;7896;145;;;;;7895.5;0.0
2;6000;ROSES;14417;16;14416;38;;;14418;54;;;;;14417.5;0.0
2;6000;STARFRUIT;5018;28;;;;;5023;7;5025;28;;;5020.5;0.0
2;6000;STRAWBERRIES;4036;209;;;;;4037;209;;;;;4036.5;0.0
2;6100;STRAWBERRIES;4036;223;;;;;4037;73;4038;150;;;4036.5;0.0
2;6100;ROSES;14420;22;14419;34;;;14421;56;;;;;14420.5;0.0
2;6100;ORCHIDS;1069;5;1068;3;1062;44;1076;5;1077;3;1083;44;1072.5;0.0
2;6100;CHOCOLATE;7894;50;7893;73;;;7895;123;;;;;7894.5;0.0
2;6100;STARFRUIT;5018;27;;;;;5025;27;;;;;5021.5;0.0
2;6100;GIFT_BASKET;70623;1;70622;13;70621;22;70634;1;70635;13;70636;22;70628.5;0.0
2;6100;AMETHYSTS;9996;1;9995;26;;;10004;1;10005;26;;;10000.0;0.0
2;6200;ROSES;14422;70;;;;;14423;22;14424;48;;;14422.5;0.0
2;6200;STARFRUIT;5019;2;5018;21;;;5025;21;;;;;5022.0;0.0
2;6200;STRAWBERRIES;4036;74;4035;140;;;4037;214;;;;;4036.5;0.0
2;6200;GIFT_BASKET;70622;1;70621;12;70620;22;70633;1;70634;12;70635;22;70627.5;0.0
2;6200;ORCHIDS;1073;5;1068;6;1067;4;1075;6;1076;4;1082;38;1074.0;0.0
2;6200;AMETHYSTS;9996;1;9995;20;;;10004;1;10005;20;;;10000.0;0.0
2;6200;CHOCOLATE;7893;137;;;;;7895;137;;;;;7894.0;0.0
2;6300;CHOCOLATE;7894;124;;;;;7896;124;;;;;7895.0;0.0
2;6300;STARFRUIT;5018;32;;;;;5025;32;;;;;5021.5;0.0
2;6300;GIFT_BASKET;70635;2;70634;12;70633;16;70646;2;70647;12;70648;16;70640.5;0.0
2;6300;AMETHYSTS;9996;2;9995;30;;;10004;2;10005;30;;;10000.0;0.0
2;6300;STRAWBERRIES;4036;218;;;;;4037;218;;;;;4036.5;0.0
2;6300;ROSES;14422;16;14421;49;;;14423;65;;;;;14422.5;0.0
2;6300;ORCHIDS;1065;8;1064;4;1059;50;1072;8;1073;4;1079;50;1068.5;0.0
2;6400;GIFT_BASKET;70649;1;70648;18;70647;23;70660;1;70661;18;70662;23;70654.5;0.0
2;6400;ORCHIDS;1065;7;1064;3;1059;48;1072;7;1073;3;1079;48;1068.5;0.0
2;6400;AMETHYSTS;9996;1;9995;23;;;10004;1;10005;23;;;10000.0;0.0
2;6400;CHOCOLATE;7896;45;7895;94;;;7897;139;;;;;7896.5;0.0
2;6400;STARFRUIT;5018;24;;;;;5019;1;5023;7;5025;24;5018.5;0.0
2;6400;ROSES;14420;68;;;;;14421;23;14422;45;;;14420.5;0.0
2;6400;STRAWBERRIES;4036;258;;;;;4038;258;;;;;4037.0;0.0
2;6500;STRAWBERRIES;4036;269;;;;;4038;269;;;;;4037.0;0.0
2;6500;ROSES;14420;74;;;;;14421;29;14422;45;;;14420.5;0.0
2;6500;ORCHIDS;1065;10;1064;5;1058;54;1072;10;1073;5;1079;54;1068.5;0.0
2;6500;CHOCOLATE;7894;151;;;;;7896;151;;;;;7895.0;0.0
2;6500;STARFRUIT;5018;26;;;;;5025;26;;;;;5021.5;0.0
2;6500;GIFT_BASKET;70639;18;70637;29;;;70652;18;70653;29;;;70645.5;0.0
2;6500;AMETHYSTS;10002;1;9998;1;9995;26;10005;26;;;;;10003.5;0.0
2;6600;STARFRUIT;5018;27;;;;;5025;27;;;;;5021.5;0.0
2;6600;ROSES;14422;29;14421;48;;;14423;77;;;;;14422.5;0.0
2;6600;STRAWBERRIES;4036;77;4035;107;;;4037;184;;;;;4036.5;0.0
2;6600;GIFT_BASKET;70642;1;70641;14;70640;29;70653;1;70654;14;70655;29;70647.5;0.0
2;6600;ORCHIDS;1064;10;1063;5;1057;50;1071;10;1072;5;1078;50;1067.5;0.0
2;6600;AMETHYSTS;9996;1;9995;26;;;10004;1;10005;26;;;10000.0;0.0
2;6600;CHOCOLATE;7894;54;7893;77;;;7895;139;;;;;7894.5;0.0
2;6700;CHOCOLATE;7893;100;;;;;7894;47;7895;53;;;7893.5;0.0
2;6700;STARFRUIT;5021;2;5018;22;;;5025;22;;;;;5023.0;0.0
2;6700;GIFT_BASKET;70641;15;70640;15;;;70654;15;70655;15;;;70647.5;0.0
2;6700;AMETHYSTS;10000;2;9995;22;;;10005;22;;;;;10002.5;0.0
2;6700;STRAWBERRIES;4036;168;;;;;4037;168;;;;;4036.5;0.0
2;6700;ROSES;14417;64;;;;;14419;64;;;;;14418.0;0.0
2;6700;ORCHIDS;1066;9;1065;2;1059;46;1073;9;1074;2;1080;46;1069.5;0.0
2;6800;ORCHIDS;1065;7;1064;4;1059;45;1072;7;1073;4;1079;45;1068.5;0.0
2;6800;GIFT_BASKET;70641;2;70640;11;70639;22;70652;2;70653;11;70654;22;70646.5;0.0
2;6800;AMETHYSTS;9998;5;9996;2;9995;27;10004;2;10005;27;;;10001.0;0.0
2;6800;CHOCOLATE;7893;122;;;;;7895;122;;;;;7894.0;0.0
2;6800;STARFRUIT;5023;5;5019;2;5018;27;5025;2;5026;27;;;5024.0;0.0
2;6800;ROSES;14415;70;;;;;14416;70;;;;;14415.5;0.0
2;6800;STRAWBERRIES;4036;197;;;;;4037;78;4038;119;;;4036.5;0.0
2;6900;STRAWBERRIES;4036;159;;;;;4037;50;4038;109;;;4036.5;0.0
2;6900;ORCHIDS;1065;7;1064;5;1058;48;1072;7;1073;5;1079;48;1068.5;0.0
2;6900;ROSES;14417;54;;;;;14419;54;;;;;14418.0;0.0
2;6900;CHOCOLATE;7893;52;7892;50;;;7894;102;;;;;7893.5;0.0
2;6900;GIFT_BASKET;70637;2;70636;11;70634;23;70647;2;70649;11;70650;23;70642.0;0.0
2;6900;STARFRUIT;5018;32;;;;;5025;32;;;;;5021.5;0.0
2;6900;AMETHYSTS;9996;2;9995;30;;;9998;5;10004;2;10005;30;9997.0;0.0
2;7000;STARFRUIT;5018;28;;;;;5024;2;5025;26;;;5021.0;0.0
2;7000;ROSES;14417;27;14416;36;;;14418;63;;;;;14417.5;0.0
2;7000;STRAWBERRIES;4036;65;4035;139;;;4037;204;;;;;4036.5;0.0
2;7000;ORCHIDS;1064;7;1063;2;1057;50;1071;7;1072;2;1078;50;1067.5;0.0
2;7000;AMETHYSTS;9998;10;9996;2;9995;26;10004;2;10005;26;;;10001.0;0.0
2;7000;CHOCOLATE;7894;130;;;;;7896;130;;;;;7895.0;0.0
2;7000;GIFT_BASKET;70641;2;70640;17;70639;27;70652;2;70653;17;70654;27;70646.5;0.0
2;7100;CHOCOLATE;7895;107;;;;;7896;53;7897;54;;;7895.5;0.0
2;7100;GIFT_BASKET;70644;6;70639;2;70638;10;70650;2;70651;10;70652;25;70647.0;0.0
2;7100;STARFRUIT;5018;28;;;;;5023;2;5024;2;5025;26;5020.5;0.0
2;7100;AMETHYSTS;9998;1;9996;2;9995;26;10004;2;10005;26;;;10001.0;0.0
2;7100;STRAWBERRIES;4036;54;4035;151;;;4037;205;;;;;4036.5;0.0
2;7100;ORCHIDS;1063;6;1062;5;1057;42;1070;6;1071;5;1077;42;1066.5;0.0
2;7100;ROSES;14413;59;;;;;14414;25;14415;34;;;14413.5;0.0
2;7200;ORCHIDS;1063;9;1062;4;1057;40;1070;9;1071;4;1077;40;1066.5;0.0
2;7200;AMETHYSTS;9996;1;9995;20;;;10004;1;10005;20;;;10000.0;0.0
2;7200;CHOCOLATE;7894;153;;;;;7896;157;;;;;7895.0;0.0
2;7200;GIFT_BASKET;70621;1;70620;11;70619;30;70632;1;70633;11;70634;30;70626.5;0.0
2;7200;STARFRUIT;5018;21;;;;;5023;3;5025;21;;;5020.5;0.0
2;7200;ROSES;14407;60;;;;;14409;60;;;;;14408.0;0.0
2;7200;STRAWBERRIES;4035;202;;;;;4037;202;;;;;4036.0;0.0
2;7300;STRAWBERRIES;4036;223;;;;;4037;223;;;;;4036.5;0.0
2;7300;ORCHIDS;1062;9;1061;5;1056;49;1069;9;1070;5;1076;49;1065.5;0.0
2;7300;ROSES;14406;62;;;;;14407;27;14408;35;;;14406.5;0.0
2;7300;CHOCOLATE;7895;96;;;;;7896;42;7897;54;;;7895.5;0.0
2;7300;GIFT_BASKET;70616;17;70615;27;;;70629;17;70630;27;;;70622.5;0.0
2;7300;STARFRUIT;5018;23;;;;;5025;23;;;;;5021.5;0.0
2;7300;AMETHYSTS;9995;23;;;;;10005;23;;;;;10000.0;0.0
2;7400;ROSES;14401;49;;;;;14403;49;;;;;14402.0;0.0
2;7400;STRAWBERRIES;4036;206;;;;;4037;78;4038;119;;;4036.5;0.0
2;7400;ORCHIDS;1064;9;1063;3;1057;47;1071;9;1072;3;1078;47;1067.5;0.0
2;7400;AMETHYSTS;9996;1;9995;22;;;10004;1;10005;22;;;10000.0;0.0
2;7400;CHOCOLATE;7895;53;7894;78;;;7896;131;;;;;7895.5;0.0
2;7400;GIFT_BASKET;70619;1;70618;16;70617;17;70630;1;70631;16;70632;17;70624.5;0.0
2;7400;STARFRUIT;5019;1;5018;22;;;5025;23;;;;;5022.0;0.0
2;7500;CHOCOLATE;7894;116;;;;;7896;116;;;;;7895.0;0.0
2;7500;GIFT_BASKET;70609;2;70608;11;70607;21;70620;2;70621;11;70622;21;70614.5;0.0
2;7500;AMETHYSTS;9996;2;9995;30;;;10000;5;10004;2;10005;30;9998.0;0.0
2;7500;STARFRUIT;5019;2;5018;30;;;5021;5;5025;32;;;5020.0;0.0
2;7500;STRAWBERRIES;4035;278;;;;;4037;278;;;;;4036.0;0.0
2;7500;ORCHIDS;1064;10;1063;5;1057;51;1071;10;1072;5;1078;51;1067.5;0.0
2;7500;ROSES;14402;21;14401;48;;;14403;69;;;;;14402.5;0.0
2;7600;ORCHIDS;1066;9;1065;2;1059;49;1073;9;1074;2;1080;49;1069.5;0.0
2;7600;AMETHYSTS;9996;2;9995;22;;;10004;2;10005;22;;;10000.0;0.0
2;7600;CHOCOLATE;7894;133;;;;;7896;133;;;;;7895.0;0.0
2;7600;GIFT_BASKET;70622;2;70621;18;70620;21;70633;2;70634;18;70635;21;70627.5;0.0
2;7600;STARFRUIT;5019;24;;;;;5025;2;5026;22;;;5022.0;0.0
2;7600;ROSES;14401;69;;;;;14403;69;;;;;14402.0;0.0
2;7600;STRAWBERRIES;4035;245;;;;;4037;245;;;;;4036.0;0.0
2;7700;STARFRUIT;5019;22;;;;;5026;22;;;;;5022.5;0.0
2;7700;STRAWBERRIES;4035;169;;;;;4036;169;;;;;4035.5;0.0
2;7700;ORCHIDS;1063;8;1062;2;1057;48;1070;8;1071;2;1077;48;1066.5;0.0
2;7700;ROSES;14406;60;;;;;14407;18;14408;42;;;14406.5;0.0
2;7700;CHOCOLATE;7895;36;7894;67;;;7896;103;;;;;7895.5;0.0
2;7700;GIFT_BASKET;70623;2;70622;20;70621;18;70634;2;70635;20;70636;18;70628.5;0.0
2;7700;AMETHYSTS;9996;2;9995;20;;;10002;8;10004;2;10005;20;9999.0;0.0
2;7800;ROSES;14403;64;;;;;14404;64;;;;;14403.5;0.0
2;7800;STRAWBERRIES;4034;260;;;;;4036;260;;;;;4035.0;0.0
2;7800;ORCHIDS;1065;6;1064;4;1059;41;1072;6;1073;4;1079;41;1068.5;0.0
2;7800;AMETHYSTS;9996;2;9995;23;;;10002;10;10004;2;10005;23;9999.0;0.0
2;7800;CHOCOLATE;7894;111;;;;;7895;42;7896;69;;;7894.5;0.0
2;7800;GIFT_BASKET;70613;2;70612;12;70611;21;70624;2;70625;12;70626;21;70618.5;0.0
2;7800;STARFRUIT;5019;25;;;;;5025;2;5026;23;;;5022.0;0.0
2;7900;CHOCOLATE;7893;139;;;;;7894;59;7895;80;;;7893.5;0.0
2;7900;GIFT_BASKET;70600;1;70598;20;70597;20;70610;1;70611;20;70613;20;70605.0;0.0
2;7900;AMETHYSTS;9996;1;9995;30;;;10000;3;10004;1;10005;30;9998.0;0.0
2;7900;STARFRUIT;5019;31;;;;;5022;3;5024;1;5025;1;5020.5;0.0
2;7900;STRAWBERRIES;4034;238;;;;;4035;238;;;;;4034.5;0.0
2;7900;ROSES;14404;59;;;;;14406;59;;;;;14405.0;0.0
2;7900;ORCHIDS;1064;9;1063;4;1057;59;1071;9;1072;4;1078;59;1067.5;0.0
2;8000;AMETHYSTS;10000;2;9996;2;9995;27;10004;2;10005;27;;;10002.0;0.0
2;8000;ORCHIDS;1064;6;1063;2;1058;45;1071;6;1072;2;1078;45;1067.5;0.0
2;8000;CHOCOLATE;7893;92;;;;;7895;92;;;;;7894.0;0.0
2;8000;STARFRUIT;5023;4;5022;3;5019;29;5025;2;5026;27;;;5024.0;0.0
2;8000;GIFT_BASKET;70587;2;70586;12;70585;23;70598;2;70599;12;70600;23;70592.5;0.0
2;8000;ROSES;14401;58;;;;;14402;23;14403;35;;;14401.5;0.0
2;8000;STRAWBERRIES;4033;235;;;;;4034;53;4035;182;;;4033.5;0.0
2;8100;STRAWBERRIES;4033;205;;;;;4035;205;;;;;4034.0;0.0
2;8100;STARFRUIT;5019;21;;;;;5026;22;;;;;5022.5;0.0
2;8100;ROSES;14398;72;;;;;14400;72;;;;;14399.0;0.0
2;8100;ORCHIDS;1066;7;1065;2;1059;39;1073;7;1074;2;1080;39;1069.5;0.0
2;8100;CHOCOLATE;7893;153;;;;;7895;153;;;;;7894.0;0.0
2;8100;GIFT_BASKET;70590;2;70589;12;70588;27;70601;2;70602;12;70603;27;70595.5;0.0
2;8100;AMETHYSTS;9998;3;9996;2;9995;20;10004;2;10005;20;;;10001.0;0.0
2;8200;ROSES;14398;22;14397;39;;;14399;61;;;;;14398.5;0.0
2;8200;STRAWBERRIES;4033;184;;;;;4034;184;;;;;4033.5;0.0
2;8200;AMETHYSTS;10002;5;9996;1;9995;27;10004;1;10005;27;;;10003.0;0.0
2;8200;ORCHIDS;1065;10;1064;3;1058;56;1072;10;1073;3;1079;56;1068.5;0.0
2;8200;STARFRUIT;5018;28;;;;;5025;28;;;;;5021.5;0.0
2;8200;CHOCOLATE;7894;108;;;;;7895;38;7896;70;;;7894.5;0.0
2;8200;GIFT_BASKET;70585;1;70584;19;70583;22;70596;1;70597;19;70598;22;70590.5;0.0
2;8300;CHOCOLATE;7894;122;;;;;7895;42;7896;80;;;7894.5;0.0
2;8300;GIFT_BASKET;70573;16;70572;28;;;70586;16;70587;28;;;70579.5;0.0
2;8300;AMETHYSTS;9995;25;;;;;10005;25;;;;;10000.0;0.0
2;8300;STRAWBERRIES;4033;270;;;;;4034;80;4035;190;;;4033.5;0.0
2;8300;STARFRUIT;5019;5;5018;25;;;5025;25;;;;;5022.0;0.0
2;8300;ROSES;14395;61;;;;;14397;61;;;;;14396.0;0.0
2;8300;ORCHIDS;1066;10;1065;5;1059;51;1073;10;1074;5;1080;51;1069.5;0.0
2;8400;AMETHYSTS;9996;1;9995;26;;;10004;1;10005;26;;;10000.0;0.0
2;8400;ORCHIDS;1065;9;1064;2;1059;51;1072;9;1073;2;1079;51;1068.5;0.0
2;8400;STARFRUIT;5019;7;5018;26;;;5025;27;;;;;5022.0;0.0
2;8400;CHOCOLATE;7894;91;;;;;7896;91;;;;;7895.0;0.0
2;8400;GIFT_BASKET;70588;1;70587;16;70586;26;70599;1;70600;16;70601;26;70593.5;0.0
2;8400;ROSES;14400;71;;;;;14401;26;14402;45;;;14400.5;0.0
2;8400;STRAWBERRIES;4034;179;;;;;4035;52;4036;127;;;4034.5;0.0
2;8500;STRAWBERRIES;4034;219;;;;;4035;64;4036;155;;;4034.5;0.0
2;8500;STARFRUIT;5018;27;;;;;5025;27;;;;;5021.5;0.0
2;8500;ROSES;14400;74;;;;;14401;74;;;;;14400.5;0.0
2;8500;ORCHIDS;1066;10;1065;5;1059;51;1073;10;1074;5;1080;51;1069.5;0.0
2;8500;CHOCOLATE;7893;107;;;;;7895;107;;;;;7894.0;0.0
2;8500;GIFT_BASKET;70592;2;70590;16;70589;29;70602;2;70603;16;70605;29;70597.0;0.0
2;8500;AMETHYSTS;9996;2;9995;25;;;10004;2;10005;25;;;10000.0;0.0
2;8600;ROSES;14398;48;;;;;14399;48;;;;;14398.5;0.0
2;8600;STRAWBERRIES;4035;56;4034;121;;;4036;177;;;;;4035.5;0.0
2;8600;AMETHYSTS;9998;3;9996;2;9995;29;10004;2;10005;29;;;10001.0;0.0
2;8600;ORCHIDS;1064;7;1063;4;1057;54;1071;7;1072;4;1078;54;1067.5;0.0
2;8600;STARFRUIT;5019;2;5018;29;;;5025;31;;;;;5022.0;0.0
2;8600;CHOCOLATE;7893;36;7892;56;;;7894;36;7895;56;;;7893.5;0.0
2;8600;GIFT_BASKET;70590;2;70589;18;70588;16;70601;2;70602;18;70603;16;70595.5;0.0
2;8700;CHOCOLATE;7894;111;;;;;7896;111;;;;;7895.0;0.0
2;8700;GIFT_BASKET;70599;2;70598;19;70597;19;70610;2;70611;19;70612;19;70604.5;0.0
2;8700;AMETHYSTS;9996;2;9995;24;;;10004;2;10005;24;;;10000.0;0.0
2;8700;STRAWBERRIES;4035;63;4034;126;;;4036;189;;;;;4035.5;0.0
2;8700;STARFRUIT;5019;26;;;;;5025;2;5026;24;;;5022.0;0.0
2;8700;ROSES;14404;57;;;;;14405;57;;;;;14404.5;0.0
2;8700;ORCHIDS;1062;6;1061;4;1056;49;1069;6;1070;4;1076;49;1065.5;0.0
2;8800;AMETHYSTS;9996;2;9995;29;;;9998;11;10004;2;10005;29;9997.0;0.0
2;8800;ORCHIDS;1063;9;1062;5;1057;48;1070;9;1071;5;1077;48;1066.5;0.0
2;8800;STARFRUIT;5023;10;5018;31;;;5025;31;;;;;5024.0;0.0
2;8800;CHOCOLATE;7895;58;7894;60;;;7896;58;7897;60;;;7895.5;0.0
2;8800;GIFT_BASKET;70593;2;70592;10;70591;21;70604;2;70605;10;70606;21;70598.5;0.0
2;8800;ROSES;14402;21;14401;45;;;14403;66;;;;;14402.5;0.0
2;8800;STRAWBERRIES;4035;56;4034;119;;;4036;179;;;;;4035.5;0.0
2;8900;STRAWBERRIES;4035;76;4034;168;;;4036;244;;;;;4035.5;0.0
2;8900;STARFRUIT;5018;28;;;;;5024;1;5025;27;;;5021.0;0.0
2;8900;ROSES;14401;18;14400;36;;;14402;54;;;;;14401.5;0.0
2;8900;ORCHIDS;1063;8;1062;3;1056;47;1070;8;1071;3;1077;47;1066.5;0.0
2;8900;CHOCOLATE;7896;116;;;;;7898;116;;;;;7897.0;0.0
2;8900;GIFT_BASKET;70596;1;70595;12;70594;18;70607;1;70608;12;70609;18;70601.5;0.0
2;8900;AMETHYSTS;9996;1;9995;27;;;10002;6;10004;1;10005;27;9999.0;0.0
2;9000;STRAWBERRIES;4035;204;;;;;4036;204;;;;;4035.5;0.0
2;9000;ROSES;14400;60;;;;;14401;60;;;;;14400.5;0.0
2;9000;AMETHYSTS;9998;9;9995;22;;;10005;22;;;;;10001.5;0.0
2;9000;ORCHIDS;1063;7;1062;4;1057;49;1070;7;1071;4;1077;49;1066.5;0.0
2;9000;STARFRUIT;5018;22;;;;;5025;22;;;;;5021.5;0.0
2;9000;CHOCOLATE;7896;131;;;;;7897;62;7898;69;;;7896.5;0.0
2;9000;GIFT_BASKET;70603;20;70602;17;;;70616;20;70617;17;;;70609.5;0.0
2;9100;GIFT_BASKET;70602;1;70601;16;70600;27;70613;1;70614;16;70615;27;70607.5;0.0
2;9100;CHOCOLATE;7896;93;;;;;7897;48;7898;50;;;7896.5;0.0
2;9100;AMETHYSTS;9996;1;9995;29;;;10004;1;10005;29;;;10000.0;0.0
2;9100;STRAWBERRIES;4035;169;;;;;4036;50;4037;119;;;4035.5;0.0
2;9100;ROSES;14398;60;;;;;14399;60;;;;;14398.5;0.0
2;9100;STARFRUIT;5018;29;;;;;5024;1;5025;29;;;5021.0;0.0
2;9100;ORCHIDS;1062;7;1061;4;1056;52;1069;7;1070;4;1076;52;1065.5;0.0
2;9200;AMETHYSTS;9996;2;9995;22;;;10002;2;10004;2;10005;22;9999.0;0.0
2;9200;ORCHIDS;1062;5;1061;3;1056;45;1069;5;1070;3;1076;45;1065.5;0.0
2;9200;GIFT_BASKET;70601;2;70600;18;70599;18;70606;7;70612;2;70613;18;70603.5;0.0
2;9200;STARFRUIT;5018;2;5017;22;;;5024;2;5025;22;;;5021.0;0.0
2;9200;CHOCOLATE;7896;52;7895;81;;;7897;133;;;;;7896.5;0.0
2;9200;ROSES;14399;59;;;;;14401;59;;;;;14400.0;0.0
2;9200;STRAWBERRIES;4035;222;;;;;4036;222;;;;;4035.5;0.0
2;9300;ROSES;14402;65;;;;;14404;65;;;;;14403.0;0.0
2;9300;STRAWBERRIES;4035;70;4034;185;;;4036;255;;;;;4035.5;0.0
2;9300;STARFRUIT;5019;5;5018;31;;;5025;31;;;;;5022.0;0.0
2;9300;ORCHIDS;1060;10;1059;4;1054;56;1067;10;1068;4;1074;56;1063.5;0.0
2;9300;GIFT_BASKET;70603;1;70602;16;70600;19;70613;1;70615;16;70616;19;70608.0;0.0
2;9300;CHOCOLATE;7896;47;7895;70;;;7897;47;7898;70;;;7896.5;0.0
2;9300;AMETHYSTS;9996;1;9995;30;;;10004;1;10005;30;;;10000.0;0.0
2;9400;ROSES;14399;71;;;;;14400;71;;;;;14399.5;0.0
2;9400;STRAWBERRIES;4035;203;;;;;4036;90;4037;113;;;4035.5;0.0
2;9400;AMETHYSTS;10000;2;9996;2;9995;26;10004;2;10005;26;;;10002.0;0.0
2;9400;ORCHIDS;1059;6;1058;5;1053;51;1066;6;1067;5;1073;51;1062.5;0.0
2;9400;GIFT_BASKET;70593;2;70592;19;70591;27;70604;2;70605;19;70606;27;70598.5;0.0
2;9400;STARFRUIT;5021;2;5018;28;;;5025;28;;;;;5023.0;0.0
2;9400;CHOCOLATE;7895;50;7894;90;;;7896;140;;;;;7895.5;0.0
2;9500;GIFT_BASKET;70576;2;70575;18;70574;30;70587;2;70588;18;70589;30;70581.5;0.0
2;9500;CHOCOLATE;7894;137;;;;;7896;137;;;;;7895.0;0.0
2;9500;AMETHYSTS;9996;2;9995;23;;;10004;2;10005;23;;;10000.0;0.0
2;9500;ROSES;14397;73;;;;;14399;73;;;;;14398.0;0.0
2;9500;STRAWBERRIES;4034;276;;;;;4035;97;4036;179;;;4034.5;0.0
2;9500;STARFRUIT;5018;25;;;;;5025;25;;;;;5021.5;0.0
2;9500;ORCHIDS;1057;10;1056;4;1050;51;1064;10;1065;4;1071;51;1060.5;0.0
2;9600;AMETHYSTS;9995;30;;;;;10000;3;10005;30;;;9997.5;0.0
2;9600;ORCHIDS;1058;7;1057;2;1052;48;1065;7;1066;2;1072;48;1061.5;0.0
2;9600;GIFT_BASKET;70587;5;70581;11;70580;17;70594;11;70595;17;;;70590.5;0.0
2;9600;STARFRUIT;5018;30;;;;;5019;1;5021;3;5023;3;5018.5;0.0
2;9600;CHOCOLATE;7897;40;7896;57;;;7898;40;7899;57;;;7897.5;0.0
2;9600;ROSES;14396;60;;;;;14398;60;;;;;14397.0;0.0
2;9600;STRAWBERRIES;4034;199;;;;;4035;57;4036;132;;;4034.5;0.0
2;9700;STARFRUIT;5019;1;5018;20;;;5020;2;5025;22;;;5019.5;0.0
2;9700;ROSES;14393;15;14392;50;;;14394;65;;;;;14393.5;0.0
2;9700;STRAWBERRIES;4034;61;4033;198;;;4035;259;;;;;4034.5;0.0
2;9700;ORCHIDS;1059;6;1058;5;1052;39;1066;6;1067;5;1073;39;1062.5;0.0
2;9700;GIFT_BASKET;70573;2;70572;13;70571;15;70584;2;70585;13;70586;15;70578.5;0.0
2;9700;CHOCOLATE;7897;68;7896;61;;;7898;63;7899;61;;;7897.5;0.0
2;9700;AMETHYSTS;9996;2;9995;20;;;10004;2;10005;20;;;10000.0;0.0
2;9800;ROSES;14389;77;;;;;14390;77;;;;;14389.5;0.0
2;9800;STRAWBERRIES;4033;207;;;;;4035;207;;;;;4034.0;0.0
2;9800;ORCHIDS;1060;9;1059;2;1053;43;1067;9;1068;2;1074;43;1063.5;0.0
2;9800;GIFT_BASKET;70560;13;70559;27;;;70566;3;70573;13;70574;27;70563.0;0.0
2;9800;STARFRUIT;5020;2;5019;21;;;5026;21;;;;;5023.0;0.0
2;9800;CHOCOLATE;7895;141;;;;;7897;141;;;;;7896.0;0.0
2;9800;AMETHYSTS;9995;21;;;;;10005;21;;;;;10000.0;0.0
2;9900;GIFT_BASKET;70576;1;70575;12;70573;26;70586;1;70588;12;70589;26;70581.0;0.0
2;9900;CHOCOLATE;7898;62;7897;76;;;7899;138;;;;;7898.5;0.0
2;9900;AMETHYSTS;9996;1;9995;21;;;10004;1;10005;21;;;10000.0;0.0
2;9900;STARFRUIT;5019;22;;;;;5025;1;5026;21;;;5022.0;0.0
2;9900;ROSES;14388;73;;;;;14389;73;;;;;14388.5;0.0
2;9900;STRAWBERRIES;4033;182;;;;;4035;182;;;;;4034.0;0.0
2;9900;ORCHIDS;1062;10;1061;5;1056;43;1069;10;1070;5;1076;43;1065.5;0.0
2;10000;ORCHIDS;1063;7;1062;4;1056;41;1070;7;1071;4;1077;41;1066.5;0.0
2;10000;GIFT_BASKET;70579;2;70577;12;70576;16;70589;2;70590;12;70592;16;70584.0;0.0
2;10000;STARFRUIT;5020;2;5019;22;;;5026;24;;;;;5023.0;0.0
2;10000;CHOCOLATE;7898;113;;;;;7899;48;7900;65;;;7898.5;0.0
2;10000;AMETHYSTS;9996;2;9995;22;;;10004;2;10005;22;;;10000.0;0.0
2;10000;ROSES;14385;52;;;;;14387;52;;;;;14386.0;0.0
2;10000;STRAWBERRIES;4033;253;;;;;4035;253;;;;;4034.0;0.0
2;10100;ROSES;14386;66;;;;;14387;17;14388;49;;;14386.5;0.0
2;10100;STARFRUIT;5019;23;;;;;5026;23;;;;;5022.5;0.0
2;10100;STRAWBERRIES;4034;59;4033;107;;;4035;166;;;;;4034.5;0.0
2;10100;ORCHIDS;1065;8;1064;2;1058;40;1072;8;1073;2;1079;40;1068.5;0.0
2;10100;GIFT_BASKET;70587;1;70586;10;70585;17;70598;1;70599;10;70600;17;70592.5;0.0
2;10100;CHOCOLATE;7898;50;7897;59;;;7899;109;;;;;7898.5;0.0
2;10100;AMETHYSTS;9996;1;9995;22;;;10004;1;10005;22;;;10000.0;0.0
2;10200;ROSES;14388;56;;;;;14389;26;14390;30;;;14388.5;0.0
2;10200;ORCHIDS;1066;6;1065;2;1059;49;1073;6;1074;2;1080;49;1069.5;0.0
2;10200;STRAWBERRIES;4034;221;;;;;4035;79;4036;142;;;4034.5;0.0
2;10200;GIFT_BASKET;70600;2;70599;14;70598;26;70611;2;70612;14;70613;26;70605.5;0.0
2;10200;STARFRUIT;5019;31;;;;;5026;31;;;;;5022.5;0.0
2;10200;CHOCOLATE;7899;61;7898;79;;;7900;61;7901;79;;;7899.5;0.0
2;10200;AMETHYSTS;10002;1;9996;2;9995;29;10004;2;10005;29;;;10003.0;0.0
2;10300;GIFT_BASKET;70595;2;70594;14;70593;15;70606;2;70607;14;70608;15;70600.5;0.0
2;10300;ORCHIDS;1065;10;1064;4;1058;49;1072;10;1073;4;1079;49;1068.5;0.0
2;10300;CHOCOLATE;7899;151;;;;;7901;151;;;;;7900.0;0.0
2;10300;AMETHYSTS;9996;2;9995;25;;;10004;2;10005;25;;;10000.0;0.0
2;10300;STRAWBERRIES;4034;247;;;;;4035;247;;;;;4034.5;0.0
2;10300;ROSES;14388;62;;;;;14390;62;;;;;14389.0;0.0
2;10300;STARFRUIT;5019;27;;;;;5026;27;;;;;5022.5;0.0
2;10400;STRAWBERRIES;4033;223;;;;;4035;223;;;;;4034.0;0.0
2;10400;STARFRUIT;5019;2;5018;25;;;5025;27;;;;;5022.0;0.0
2;10400;GIFT_BASKET;70590;2;70589;12;70587;25;70600;2;70602;12;70603;25;70595.0;0.0
2;10400;AMETHYSTS;10002;1;9996;2;9995;25;10004;2;10005;25;;;10003.0;0.0
2;10400;CHOCOLATE;7899;129;;;;;7900;59;7901;70;;;7899.5;0.0
2;10400;ROSES;14389;65;;;;;14390;25;14391;40;;;14389.5;0.0
2;10400;ORCHIDS;1065;9;1064;5;1059;46;1072;9;1073;5;1079;46;1068.5;0.0
2;10500;ROSES;14386;50;;;;;14388;50;;;;;14387.0;0.0
2;10500;STARFRUIT;5019;2;5018;27;;;5025;29;;;;;5022.0;0.0
2;10500;CHOCOLATE;7898;120;;;;;7900;120;;;;;7899.0;0.0
2;10500;GIFT_BASKET;70587;2;70586;20;70585;16;70598;2;70599;20;70600;16;70592.5;0.0
2;10500;ORCHIDS;1066;5;1063;7;1062;4;1070;7;1071;4;1077;54;1068.0;0.0
2;10500;AMETHYSTS;9996;2;9995;27;;;10002;8;10004;2;10005;27;9999.0;0.0
2;10500;STRAWBERRIES;4033;193;;;;;4035;193;;;;;4034.0;0.0
2;10600;CHOCOLATE;7898;62;7897;58;;;7899;116;;;;;7898.5;0.0
2;10600;ROSES;14385;60;;;;;14386;60;;;;;14385.5;0.0
2;10600;ORCHIDS;1064;10;1063;4;1057;52;1071;10;1072;4;1078;52;1067.5;0.0
2;10600;STRAWBERRIES;4033;228;;;;;4034;58;4035;164;;;4033.5;0.0
2;10600;STARFRUIT;5018;24;;;;;5025;24;;;;;5021.5;0.0
2;10600;GIFT_BASKET;70580;1;70579;19;70578;19;70591;1;70592;19;70593;19;70585.5;0.0
2;10600;AMETHYSTS;9996;1;9995;23;;;10004;1;10005;23;;;10000.0;0.0
2;10700;GIFT_BASKET;70575;1;70574;14;70572;22;70585;1;70587;14;70588;22;70580.0;0.0
2;10700;ORCHIDS;1064;10;1063;4;1057;45;1071;10;1072;4;1078;45;1067.5;0.0
2;10700;AMETHYSTS;9996;1;9995;21;;;9998;1;10004;1;10005;21;9997.0;0.0
2;10700;STRAWBERRIES;4033;232;;;;;4034;232;;;;;4033.5;0.0
2;10700;STARFRUIT;5018;22;;;;;5024;1;5025;21;;;5021.0;0.0
2;10700;ROSES;14386;22;14385;33;;;14387;55;;;;;14386.5;0.0
2;10700;CHOCOLATE;7897;50;7896;67;;;7898;50;7899;67;;;7897.5;0.0
2;10800;STRAWBERRIES;4033;206;;;;;4035;206;;;;;4034.0;0.0
2;10800;STARFRUIT;5017;23;;;;;5022;1;5024;23;;;5019.5;0.0
2;10800;GIFT_BASKET;70577;18;70576;27;;;70590;18;70591;27;;;70583.5;0.0
2;10800;AMETHYSTS;9995;23;;;;;10005;23;;;;;10000.0;0.0
2;10800;CHOCOLATE;7896;121;;;;;7898;121;;;;;7897.0;0.0
2;10800;ROSES;14387;59;;;;;14388;59;;;;;14387.5;0.0
2;10800;ORCHIDS;1064;9;1063;2;1057;50;1071;9;1072;2;1078;50;1067.5;0.0
2;10900;STARFRUIT;5018;27;;;;;5019;4;5024;2;5025;25;5018.5;0.0
2;10900;ROSES;14387;25;14386;38;;;14388;63;;;;;14387.5;0.0
2;10900;CHOCOLATE;7895;99;;;;;7897;99;;;;;7896.0;0.0
2;10900;GIFT_BASKET;70581;2;70579;16;70578;25;70591;2;70592;16;70593;25;70586.0;0.0
2;10900;ORCHIDS;1064;5;1063;4;1058;46;1071;5;1072;4;1078;46;1067.5;0.0
2;10900;AMETHYSTS;9996;2;9995;25;;;10004;2;10005;25;;;10000.0;0.0
2;10900;STRAWBERRIES;4034;53;4033;185;;;4035;238;;;;;4034.5;0.0
2;11000;CHOCOLATE;7896;53;7895;71;;;7897;53;7898;71;;;7896.5;0.0
2;11000;ROSES;14388;67;;;;;14389;67;;;;;14388.5;0.0
2;11000;ORCHIDS;1066;5;1065;2;1060;44;1073;5;1074;2;1080;44;1069.5;0.0
2;11000;STRAWBERRIES;4033;248;;;;;4035;248;;;;;4034.0;0.0
2;11000;STARFRUIT;5017;22;;;;;5024;22;;;;;5020.5;0.0
2;11000;GIFT_BASKET;70576;1;70574;18;70573;21;70580;7;70586;1;70587;18;70578.0;0.0
2;11000;AMETHYSTS;9996;1;9995;21;;;10002;8;10004;1;10005;21;9999.0;0.0
2;11100;GIFT_BASKET;70577;2;70576;15;70575;21;70588;2;70589;15;70590;21;70582.5;0.0
2;11100;ORCHIDS;1067;9;1066;2;1060;50;1074;9;1075;2;1081;50;1070.5;0.0
2;11100;AMETHYSTS;9996;2;9995;26;;;10004;2;10005;26;;;10000.0;0.0
2;11100;STRAWBERRIES;4033;168;;;;;4034;60;4035;100;;;4033.5;0.0
2;11100;STARFRUIT;5017;28;;;;;5022;5;5024;28;;;5019.5;0.0
2;11100;ROSES;14387;64;;;;;14388;21;14389;43;;;14387.5;0.0
2;11100;CHOCOLATE;7896;103;;;;;7898;103;;;;;7897.0;0.0
2;11200;STRAWBERRIES;4033;264;;;;;4035;264;;;;;4034.0;0.0
2;11200;STARFRUIT;5017;28;;;;;5024;28;;;;;5020.5;0.0
2;11200;GIFT_BASKET;70578;1;70576;10;70575;28;70588;1;70589;10;70591;28;70583.0;0.0
2;11200;AMETHYSTS;9996;1;9995;27;;;10004;1;10005;27;;;10000.0;0.0
2;11200;CHOCOLATE;7896;101;;;;;7898;101;;;;;7897.0;0.0
2;11200;ORCHIDS;1068;5;1067;3;1062;42;1075;5;1076;3;1082;42;1071.5;0.0
2;11200;ROSES;14384;62;;;;;14385;62;;;;;14384.5;0.0
2;11300;STARFRUIT;5017;26;;;;;5022;4;5024;26;;;5019.5;0.0
2;11300;ROSES;14385;27;14384;45;;;14386;72;;;;;14385.5;0.0
2;11300;CHOCOLATE;7896;111;;;;;7897;60;7898;51;;;7896.5;0.0
2;11300;ORCHIDS;1068;8;1067;3;1062;45;1075;8;1076;3;1082;45;1071.5;0.0
2;11300;GIFT_BASKET;70574;11;70573;27;;;70587;11;70588;27;;;70580.5;0.0
2;11300;AMETHYSTS;9998;1;9995;26;;;10005;26;;;;;10001.5;0.0
2;11300;STRAWBERRIES;4033;248;;;;;4034;51;4035;197;;;4033.5;0.0
2;11400;CHOCOLATE;7896;123;;;;;7898;123;;;;;7897.0;0.0
2;11400;GIFT_BASKET;70574;19;70573;25;;;70587;19;70588;25;;;70580.5;0.0
2;11400;ORCHIDS;1067;8;1066;3;1060;55;1074;8;1075;3;1081;55;1070.5;0.0
2;11400;ROSES;14383;58;;;;;14385;58;;;;;14384.0;0.0
2;11400;STRAWBERRIES;4033;190;;;;;4035;190;;;;;4034.0;0.0
2;11400;STARFRUIT;5017;28;;;;;5020;2;5024;28;;;5018.5;0.0
2;11400;AMETHYSTS;9995;28;;;;;10000;3;10005;28;;;9997.5;0.0
2;11500;ORCHIDS;1068;7;1067;3;1062;51;1075;7;1076;3;1082;51;1071.5;0.0
2;11500;AMETHYSTS;9995;27;;;;;10005;27;;;;;10000.0;0.0
2;11500;STRAWBERRIES;4033;237;;;;;4034;237;;;;;4033.5;0.0
2;11500;STARFRUIT;5017;27;;;;;5024;27;;;;;5020.5;0.0
2;11500;ROSES;14379;18;14378;32;;;14380;50;;;;;14379.5;0.0
2;11500;CHOCOLATE;7896;160;;;;;7898;160;;;;;7897.0;0.0
2;11500;GIFT_BASKET;70558;17;70557;18;;;70571;17;70572;18;;;70564.5;0.0
2;11600;STRAWBERRIES;4033;56;4032;168;;;4034;219;;;;;4033.5;0.0
2;11600;STARFRUIT;5018;27;;;;;5025;27;;;;;5021.5;0.0
2;11600;AMETHYSTS;9995;27;;;;;9998;1;10005;27;;;9996.5;0.0
2;11600;CHOCOLATE;7898;42;7897;51;;;7899;42;7900;51;;;7898.5;0.0
2;11600;GIFT_BASKET;70568;14;70567;29;;;70581;14;70583;29;;;70574.5;0.0
2;11600;ORCHIDS;1068;8;1065;6;1064;2;1072;6;1073;2;1079;47;1070.0;0.0
2;11600;ROSES;14381;29;14380;41;;;14382;70;;;;;14381.5;0.0
2;11700;STARFRUIT;5021;3;5017;23;;;5024;23;;;;;5022.5;0.0
2;11700;ROSES;14382;18;14381;38;;;14383;56;;;;;14382.5;0.0
2;11700;CHOCOLATE;7898;144;;;;;7900;144;;;;;7899.0;0.0
2;11700;GIFT_BASKET;70579;2;70578;14;70577;18;70590;2;70591;14;70592;18;70584.5;0.0
2;11700;ORCHIDS;1068;6;1067;4;1061;41;1075;6;1076;4;1082;41;1071.5;0.0
2;11700;AMETHYSTS;9996;2;9995;21;;;10004;2;10005;21;;;10000.0;0.0
2;11700;STRAWBERRIES;4033;227;;;;;4035;227;;;;;4034.0;0.0
2;11800;CHOCOLATE;7898;65;7897;65;;;7899;65;7900;65;;;7898.5;0.0
2;11800;GIFT_BASKET;70583;10;70582;23;;;70596;10;70597;23;;;70589.5;0.0
2;11800;ORCHIDS;1069;6;1068;3;1062;38;1076;6;1077;3;1083;38;1072.5;0.0
2;11800;ROSES;14383;66;;;;;14385;66;;;;;14384.0;0.0
2;11800;STRAWBERRIES;4033;200;;;;;4035;200;;;;;4034.0;0.0
2;11800;STARFRUIT;5018;8;5017;22;;;5024;22;;;;;5021.0;0.0
2;11800;AMETHYSTS;9998;5;9995;22;;;10005;22;;;;;10001.5;0.0
2;11900;ORCHIDS;1067;8;1066;2;1061;56;1074;8;1075;2;1081;56;1070.5;0.0
2;11900;AMETHYSTS;9996;2;9995;28;;;10004;2;10005;28;;;10000.0;0.0
2;11900;STRAWBERRIES;4033;200;;;;;4034;200;;;;;4033.5;0.0
2;11900;ROSES;14382;71;;;;;14383;71;;;;;14382.5;0.0
2;11900;CHOCOLATE;7897;110;;;;;7898;52;7899;58;;;7897.5;0.0
2;11900;GIFT_BASKET;70574;2;70573;20;70572;21;70585;2;70586;20;70587;21;70579.5;0.0
2;11900;STARFRUIT;5022;5;5018;1;5017;30;5024;30;;;;;5023.0;0.0
2;12000;STARFRUIT;5016;25;;;;;5017;1;5023;25;;;5016.5;0.0
2;12000;STRAWBERRIES;4033;206;;;;;4034;206;;;;;4033.5;0.0
2;12000;AMETHYSTS;9998;8;9995;25;;;10005;25;;;;;10001.5;0.0
2;12000;CHOCOLATE;7896;142;;;;;7898;142;;;;;7897.0;0.0
2;12000;GIFT_BASKET;70577;11;70576;15;;;70590;11;70591;15;;;70583.5;0.0
2;12000;ORCHIDS;1068;8;1067;5;1061;44;1075;8;1076;5;1082;44;1071.5;0.0
2;12000;ROSES;14386;15;14385;32;;;14387;47;;;;;14386.5;0.0
2;12100;ROSES;14387;53;;;;;14388;53;;;;;14387.5;0.0
2;12100;CHOCOLATE;7895;56;7894;73;;;7896;56;7897;73;;;7895.5;0.0
2;12100;GIFT_BASKET;70558;14;70557;23;;;70571;14;70572;23;;;70564.5;0.0
2;12100;STARFRUIT;5016;27;;;;;5023;27;;;;;5019.5;0.0
2;12100;ORCHIDS;1069;5;1068;4;1062;46;1076;5;1077;4;1083;46;1072.5;0.0
2;12100;AMETHYSTS;9995;27;;;;;9998;1;10005;27;;;9996.5;0.0
2;12100;STRAWBERRIES;4032;231;;;;;4034;231;;;;;4033.0;0.0
2;12200;CHOCOLATE;7894;146;;;;;7896;146;;;;;7895.0;0.0
2;12200;GIFT_BASKET;70553;1;70552;18;70551;20;70564;1;70565;18;70566;20;70558.5;0.0
2;12200;ORCHIDS;1068;8;1067;5;1061;47;1075;8;1076;5;1082;47;1071.5;0.0
2;12200;ROSES;14389;58;;;;;14390;20;14391;38;;;14389.5;0.0
2;12200;STARFRUIT;5016;22;;;;;5023;22;;;;;5019.5;0.0
2;12200;STRAWBERRIES;4033;210;;;;;4034;210;;;;;4033.5;0.0
2;12200;AMETHYSTS;9996;1;9995;21;;;10004;1;10005;21;;;10000.0;0.0
2;12300;ORCHIDS;1073;8;1070;8;1069;2;1077;8;1078;2;1084;43;1075.0;0.0
2;12300;AMETHYSTS;9996;2;9995;23;;;10004;2;10005;23;;;10000.0;0.0
2;12300;STRAWBERRIES;4033;3;4032;169;;;4034;169;;;;;4033.5;0.0
2;12300;ROSES;14387;51;;;;;14389;51;;;;;14388.0;0.0
2;12300;CHOCOLATE;7894;123;;;;;7895;61;7896;62;;;7894.5;0.0
2;12300;GIFT_BASKET;70537;2;70536;12;70535;17;70548;2;70549;12;70550;17;70542.5;0.0
2;12300;STARFRUIT;5016;25;;;;;5021;4;5023;25;;;5018.5;0.0
2;12400;STARFRUIT;5021;1;5017;1;5016;29;5022;1;5023;28;;;5021.5;0.0
2;12400;STRAWBERRIES;4033;63;4032;139;;;4034;202;;;;;4033.5;0.0
2;12400;AMETHYSTS;9996;1;9995;28;;;10004;1;10005;28;;;10000.0;0.0
2;12400;CHOCOLATE;7896;62;7895;63;;;7897;125;;;;;7896.5;0.0
2;12400;GIFT_BASKET;70543;1;70542;10;70541;21;70554;1;70555;10;70556;21;70548.5;0.0
2;12400;ROSES;14386;55;;;;;14388;55;;;;;14387.0;0.0
2;12400;ORCHIDS;1070;7;1069;5;1063;45;1077;7;1078;5;1084;45;1073.5;0.0
2;12500;ROSES;14390;21;14389;46;;;14391;67;;;;;14390.5;0.0
2;12500;CHOCOLATE;7895;161;;;;;7897;161;;;;;7896.0;0.0
2;12500;STARFRUIT;5020;3;5015;26;;;5022;26;;;;;5021.0;0.0
2;12500;GIFT_BASKET;70548;12;70547;21;;;70561;12;70562;21;;;70554.5;0.0
2;12500;AMETHYSTS;9998;2;9995;26;;;10005;26;;;;;10001.5;0.0
2;12500;ORCHIDS;1070;8;1069;5;1063;46;1077;8;1078;5;1084;46;1073.5;0.0
2;12500;STRAWBERRIES;4033;97;4032;182;;;4034;279;;;;;4033.5;0.0
2;12600;CHOCOLATE;7896;132;;;;;7898;132;;;;;7897.0;0.0
2;12600;GIFT_BASKET;70563;5;70552;1;70551;16;70564;16;70565;15;;;70563.5;0.0
2;12600;ROSES;14389;52;;;;;14391;52;;;;;14390.0;0.0
2;12600;ORCHIDS;1069;9;1068;2;1063;49;1076;9;1077;2;1083;49;1072.5;0.0
2;12600;STRAWBERRIES;4033;254;;;;;4035;254;;;;;4034.0;0.0
2;12600;STARFRUIT;5020;5;5016;1;5015;24;5022;1;5023;24;;;5021.0;0.0
2;12600;AMETHYSTS;10002;1;9996;1;9995;24;10004;1;10005;24;;;10003.0;0.0
2;12700;AMETHYSTS;9995;20;;;;;10002;5;10005;20;;;9998.5;0.0
2;12700;ORCHIDS;1072;7;1071;2;1065;37;1079;7;1080;2;1086;37;1075.5;0.0
2;12700;STRAWBERRIES;4033;174;;;;;4034;174;;;;;4033.5;0.0
2;12700;ROSES;14389;62;;;;;14391;62;;;;;14390.0;0.0
2;12700;STARFRUIT;5015;20;;;;;5016;1;5020;5;5022;20;5015.5;0.0
2;12700;CHOCOLATE;7895;110;;;;;7896;56;7897;54;;;7895.5;0.0
2;12700;GIFT_BASKET;70550;10;70549;20;;;70563;10;70564;20;;;70556.5;0.0
2;12800;STRAWBERRIES;4033;63;4032;135;;;4034;198;;;;;4033.5;0.0
2;12800;STARFRUIT;5019;2;5015;24;;;5020;5;5022;24;;;5019.5;0.0
2;12800;AMETHYSTS;9996;2;9995;22;;;10004;2;10005;22;;;10000.0;0.0
2;12800;CHOCOLATE;7895;50;7894;63;;;7896;113;;;;;7895.5;0.0
2;12800;GIFT_BASKET;70551;3;70546;2;70545;16;70557;2;70558;16;70559;27;70554.0;0.0
2;12800;ROSES;14393;75;;;;;14394;75;;;;;14393.5;0.0
2;12800;ORCHIDS;1072;8;1071;2;1065;46;1079;8;1080;2;1086;46;1075.5;0.0
2;12900;ROSES;14396;65;;;;;14397;65;;;;;14396.5;0.0
2;12900;STARFRUIT;5015;29;;;;;5020;8;5022;29;;;5017.5;0.0
2;12900;CHOCOLATE;7894;147;;;;;7896;147;;;;;7895.0;0.0
2;12900;GIFT_BASKET;70558;2;70557;18;70556;16;70563;2;70569;2;70570;18;70560.5;0.0
2;12900;AMETHYSTS;9996;2;9995;27;;;10002;10;10004;2;10005;27;9999.0;0.0
2;12900;ORCHIDS;1073;6;1072;2;1067;51;1077;8;1080;6;1081;2;1075.0;0.0
2;12900;STRAWBERRIES;4033;246;;;;;4034;246;;;;;4033.5;0.0
2;13000;CHOCOLATE;7894;139;;;;;7895;44;7896;95;;;7894.5;0.0
2;13000;GIFT_BASKET;70559;1;70558;10;70557;29;70570;1;70571;10;70572;29;70564.5;0.0
2;13000;ROSES;14396;69;;;;;14398;69;;;;;14397.0;0.0
2;13000;ORCHIDS;1073;9;1072;4;1067;45;1080;9;1081;4;1087;45;1076.5;0.0
2;13000;STRAWBERRIES;4033;95;4032;159;;;4034;254;;;;;4033.5;0.0
2;13000;STARFRUIT;5015;27;;;;;5020;4;5022;27;;;5017.5;0.0
2;13000;AMETHYSTS;10002;3;9996;1;9995;26;10004;1;10005;26;;;10003.0;0.0
2;13100;AMETHYSTS;9998;5;9996;1;9995;25;10004;1;10005;25;;;10001.0;0.0
2;13100;ORCHIDS;1071;9;1070;4;1065;51;1078;9;1079;4;1085;51;1074.5;0.0
2;13100;STRAWBERRIES;4032;231;;;;;4034;231;;;;;4033.0;0.0
2;13100;ROSES;14401;60;;;;;14402;29;14403;31;;;14401.5;0.0
2;13100;STARFRUIT;5014;26;;;;;5015;5;5021;26;;;5014.5;0.0
2;13100;CHOCOLATE;7894;55;7893;57;;;7895;55;7896;57;;;7894.5;0.0
2;13100;GIFT_BASKET;70565;1;70564;17;70563;29;70576;1;70577;17;70578;29;70570.5;0.0
2;13200;STRAWBERRIES;4032;278;;;;;4033;91;4034;187;;;4032.5;0.0
2;13200;STARFRUIT;5015;6;5014;31;;;5020;1;5021;30;;;5017.5;0.0
2;13200;AMETHYSTS;9996;1;9995;30;;;10002;10;10004;1;10005;30;9999.0;0.0
2;13200;CHOCOLATE;7896;45;7895;91;;;7897;45;7898;91;;;7896.5;0.0
2;13200;GIFT_BASKET;70580;3;70575;1;70574;15;70586;1;70587;15;70588;22;70583.0;0.0
2;13200;ROSES;14397;68;;;;;14398;22;14399;46;;;14397.5;0.0
2;13200;ORCHIDS;1069;5;1068;2;1063;50;1076;5;1077;2;1083;50;1072.5;0.0
2;13300;ROSES;14397;51;;;;;14398;51;;;;;14397.5;0.0
2;13300;STARFRUIT;5014;28;;;;;5015;1;5021;28;;;5014.5;0.0
2;13300;CHOCOLATE;7896;42;7895;62;;;7897;42;7898;62;;;7896.5;0.0
2;13300;GIFT_BASKET;70575;1;70574;18;70573;18;70586;1;70587;18;70588;18;70580.5;0.0
2;13300;AMETHYSTS;10002;1;9996;1;9995;27;10004;1;10005;27;;;10003.0;0.0
2;13300;ORCHIDS;1069;5;1068;5;1063;50;1076;5;1077;5;1083;50;1072.5;0.0
2;13300;STRAWBERRIES;4032;62;4031;158;;;4033;220;;;;;4032.5;0.0
2;13400;CHOCOLATE;7895;153;;;;;7897;153;;;;;7896.0;0.0
2;13400;GIFT_BASKET;70573;10;70572;18;;;70579;3;70586;10;70587;18;70576.0;0.0
2;13400;ROSES;14395;65;;;;;14397;65;;;;;14396.0;0.0
2;13400;ORCHIDS;1070;8;1069;4;1064;40;1077;8;1078;4;1084;40;1073.5;0.0
2;13400;STRAWBERRIES;4032;276;;;;;4033;276;;;;;4032.5;0.0
2;13400;STARFRUIT;5017;1;5014;22;;;5021;22;;;;;5019.0;0.0
2;13400;AMETHYSTS;10000;2;9995;22;;;10005;22;;;;;10002.5;0.0
2;13500;AMETHYSTS;9996;2;9995;26;;;10004;2;10005;26;;;10000.0;0.0
2;13500;ORCHIDS;1072;6;1071;2;1065;43;1079;6;1080;2;1086;43;1075.5;0.0
2;13500;STRAWBERRIES;4032;255;;;;;4033;255;;;;;4032.5;0.0
2;13500;ROSES;14399;78;;;;;14400;78;;;;;14399.5;0.0
2;13500;STARFRUIT;5015;28;;;;;5021;2;5022;26;;;5018.0;0.0
2;13500;CHOCOLATE;7895;137;;;;;7897;137;;;;;7896.0;0.0
2;13500;GIFT_BASKET;70576;2;70575;11;70574;30;70587;2;70588;11;70589;30;70581.5;0.0
2;13600;STRAWBERRIES;4032;84;4031;170;;;4033;254;;;;;4032.5;0.0
2;13600;ROSES;14403;75;;;;;14404;75;;;;;14403.5;0.0
2;13600;STARFRUIT;5014;22;;;;;5019;4;5021;22;;;5016.5;0.0
2;13600;AMETHYSTS;10002;1;9995;22;;;10005;22;;;;;10003.5;0.0
2;13600;GIFT_BASKET;70578;14;70577;28;;;70591;14;70592;28;;;70584.5;0.0
2;13600;CHOCOLATE;7895;46;7894;84;;;7896;46;7897;84;;;7895.5;0.0
2;13600;ORCHIDS;1075;6;1072;10;1071;5;1078;10;1079;5;1086;46;1076.5;0.0
2;13700;GIFT_BASKET;70582;3;70577;2;70576;19;70588;2;70589;19;70590;22;70585.0;0.0
2;13700;STARFRUIT;5019;1;5013;31;;;5020;31;;;;;5019.5;0.0
2;13700;CHOCOLATE;7894;61;7893;85;;;7895;61;7896;85;;;7894.5;0.0
2;13700;AMETHYSTS;9996;2;9995;29;;;10004;2;10005;29;;;10000.0;0.0
2;13700;ORCHIDS;1073;8;1072;5;1066;56;1080;8;1081;5;1087;56;1076.5;0.0
2;13700;ROSES;14402;22;14401;39;;;14403;61;;;;;14402.5;0.0
2;13700;STRAWBERRIES;4032;261;;;;;4033;85;4034;176;;;4032.5;0.0
2;13800;GIFT_BASKET;70582;14;70580;18;;;70595;14;70596;18;;;70588.5;0.0
2;13800;CHOCOLATE;7895;103;;;;;7896;49;7897;54;;;7895.5;0.0
2;13800;ORCHIDS;1072;8;1071;4;1065;48;1079;8;1080;4;1086;48;1075.5;0.0
2;13800;ROSES;14402;46;;;;;14403;56;;;;;14402.5;0.0
2;13800;STRAWBERRIES;4032;54;4031;147;;;4033;201;;;;;4032.5;0.0
2;13800;STARFRUIT;5014;2;5013;26;;;5020;26;;;;;5017.0;0.0
2;13800;AMETHYSTS;9998;4;9995;26;;;10005;26;;;;;10001.5;0.0
2;13900;AMETHYSTS;10000;4;9996;2;9995;20;10002;3;10004;2;10005;20;10001.0;0.0
2;13900;ORCHIDS;1073;7;1072;3;1067;47;1080;7;1081;3;1087;47;1076.5;0.0
2;13900;ROSES;14404;52;;;;;14405;19;14406;33;;;14404.5;0.0
2;13900;STRAWBERRIES;4032;169;;;;;4033;52;4034;117;;;4032.5;0.0
2;13900;GIFT_BASKET;70576;2;70575;20;70574;19;70587;2;70588;20;70589;19;70581.5;0.0
2;13900;STARFRUIT;5017;4;5014;22;;;5020;2;5021;20;;;5018.5;0.0
2;13900;CHOCOLATE;7894;92;;;;;7895;40;7896;52;;;7894.5;0.0
2;14000;ROSES;14405;54;;;;;14407;54;;;;;14406.0;0.0
2;14000;STRAWBERRIES;4032;75;4031;121;;;4033;196;;;;;4032.5;0.0
2;14000;STARFRUIT;5015;1;5014;23;;;5020;2;5021;21;;;5017.5;0.0
2;14000;AMETHYSTS;10002;1;9996;2;9995;21;10004;2;10005;21;;;10003.0;0.0
2;14000;GIFT_BASKET;70578;2;70577;20;70576;22;70589;2;70590;20;70591;22;70583.5;0.0
2;14000;CHOCOLATE;7894;127;;;;;7896;127;;;;;7895.0;0.0
2;14000;ORCHIDS;1075;9;1074;3;1069;50;1082;9;1083;3;1089;50;1078.5;0.0
2;14100;GIFT_BASKET;70581;1;70580;11;70579;25;70592;1;70593;11;70594;25;70586.5;0.0
2;14100;STARFRUIT;5014;25;;;;;5019;7;5021;25;;;5016.5;0.0
2;14100;CHOCOLATE;7895;52;7894;93;;;7896;145;;;;;7895.5;0.0
2;14100;AMETHYSTS;9998;7;9996;1;9995;24;10004;1;10005;24;;;10001.0;0.0
2;14100;ORCHIDS;1075;7;1074;2;1069;42;1082;7;1083;2;1089;42;1078.5;0.0
2;14100;ROSES;14406;74;;;;;14407;74;;;;;14406.5;0.0
2;14100;STRAWBERRIES;4032;93;4031;190;;;4033;283;;;;;4032.5;0.0
2;14200;GIFT_BASKET;70590;2;70588;11;70587;23;70600;2;70601;11;70603;23;70595.0;0.0
2;14200;CHOCOLATE;7894;115;;;;;7896;115;;;;;7895.0;0.0
2;14200;AMETHYSTS;9996;2;9995;24;;;10004;2;10005;24;;;10000.0;0.0
2;14200;ORCHIDS;1076;8;1075;5;1070;43;1083;8;1084;5;1090;43;1079.5;0.0
2;14200;STARFRUIT;5014;2;5013;24;;;5020;26;;;;;5017.0;0.0
2;14200;ROSES;14408;54;;;;;14410;54;;;;;14409.0;0.0
2;14200;STRAWBERRIES;4032;256;;;;;4033;80;4034;176;;;4032.5;0.0
2;14300;ORCHIDS;1074;5;1073;2;1068;43;1081;5;1082;2;1088;43;1077.5;0.0
2;14300;ROSES;14413;52;;;;;14415;52;;;;;14414.0;0.0
2;14300;STRAWBERRIES;4032;212;;;;;4033;84;4034;128;;;4032.5;0.0
2;14300;GIFT_BASKET;70606;1;70605;16;70604;19;70617;1;70618;16;70619;19;70611.5;0.0
2;14300;STARFRUIT;5016;6;5013;23;;;5020;23;;;;;5018.0;0.0
2;14300;CHOCOLATE;7896;148;;;;;7897;64;7898;84;;;7896.5;0.0
2;14300;AMETHYSTS;10000;6;9996;1;9995;22;10004;1;10005;22;;;10002.0;0.0
2;14400;STARFRUIT;5013;27;;;;;5020;27;;;;;5016.5;0.0
2;14400;ROSES;14414;19;14413;34;;;14415;53;;;;;14414.5;0.0
2;14400;STRAWBERRIES;4032;241;;;;;4034;241;;;;;4033.0;0.0
2;14400;GIFT_BASKET;70600;2;70599;17;70598;19;70611;2;70612;17;70613;19;70605.5;0.0
2;14400;CHOCOLATE;7894;121;;;;;7896;121;;;;;7895.0;0.0
2;14400;AMETHYSTS;10002;1;9996;2;9995;25;10004;2;10005;25;;;10003.0;0.0
2;14400;ORCHIDS;1072;9;1071;5;1066;51;1079;9;1080;5;1086;51;1075.5;0.0
2;14500;GIFT_BASKET;70593;2;70592;20;70591;30;70604;2;70605;20;70606;30;70598.5;0.0
2;14500;STARFRUIT;5016;2;5013;30;;;5018;7;5020;30;;;5017.0;0.0
2;14500;CHOCOLATE;7895;101;;;;;7896;48;7897;53;;;7895.5;0.0
2;14500;AMETHYSTS;10000;2;9998;2;9996;2;10004;2;10005;28;;;10002.0;0.0
2;14500;ORCHIDS;1074;8;1073;5;1067;56;1081;8;1082;5;1088;56;1077.5;0.0
2;14500;ROSES;14411;30;14410;31;;;14412;61;;;;;14411.5;0.0
2;14500;STRAWBERRIES;4032;182;;;;;4033;53;4034;132;;;4032.5;0.0
2;14600;GIFT_BASKET;70596;1;70594;17;70593;20;70606;1;70607;17;70609;20;70601.0;0.0
2;14600;ORCHIDS;1074;9;1073;5;1067;53;1080;9;1081;5;1088;53;1077.0;0.0
2;14600;CHOCOLATE;7894;42;7893;77;;;7895;42;7896;77;;;7894.5;0.0
2;14600;AMETHYSTS;9996;1;9995;27;;;9998;1;10004;1;10005;27;9997.0;0.0
2;14600;ROSES;14410;64;;;;;14411;20;14412;44;;;14410.5;0.0
2;14600;STARFRUIT;5014;28;;;;;5020;1;5021;27;;;5017.0;0.0
2;14600;STRAWBERRIES;4032;189;;;;;4034;189;;;;;4033.0;0.0
2;14700;ROSES;14410;51;;;;;14411;51;;;;;14410.5;0.0
2;14700;ORCHIDS;1072;5;1071;5;1066;42;1079;5;1080;5;1086;42;1075.5;0.0
2;14700;STRAWBERRIES;4033;80;4032;174;;;4034;254;;;;;4033.5;0.0
2;14700;STARFRUIT;5013;25;;;;;5020;25;;;;;5016.5;0.0
2;14700;GIFT_BASKET;70591;12;70590;21;;;70597;2;70604;12;70605;21;70594.0;0.0
2;14700;CHOCOLATE;7894;129;;;;;7896;129;;;;;7895.0;0.0
2;14700;AMETHYSTS;9998;3;9995;25;;;10005;25;;;;;10001.5;0.0
2;14800;ROSES;14409;60;;;;;14410;60;;;;;14409.5;0.0
2;14800;STARFRUIT;5014;24;;;;;5020;1;5021;23;;;5017.0;0.0
2;14800;STRAWBERRIES;4033;257;;;;;4034;59;4035;198;;;4033.5;0.0
2;14800;GIFT_BASKET;70595;1;70594;13;70593;16;70606;1;70607;13;70608;16;70600.5;0.0
2;14800;ORCHIDS;1073;10;1072;4;1066;46;1080;10;1081;4;1087;46;1076.5;0.0
2;14800;AMETHYSTS;9996;1;9995;23;;;10004;1;10005;23;;;10000.0;0.0
2;14800;CHOCOLATE;7896;41;7895;59;;;7897;100;;;;;7896.5;0.0
2;14900;CHOCOLATE;7894;141;;;;;7896;141;;;;;7895.0;0.0
2;14900;STARFRUIT;5014;22;;;;;5019;6;5020;2;5021;20;5016.5;0.0
2;14900;GIFT_BASKET;70600;2;70599;18;70598;18;70605;5;70611;2;70612;18;70602.5;0.0
2;14900;AMETHYSTS;9996;2;9995;20;;;10004;2;10005;20;;;10000.0;0.0
2;14900;STRAWBERRIES;4033;248;;;;;4034;81;4035;167;;;4033.5;0.0
2;14900;ROSES;14410;68;;;;;14412;68;;;;;14411.0;0.0
2;14900;ORCHIDS;1072;7;1071;5;1066;45;1079;7;1080;5;1086;45;1075.5;0.0
2;15000;GIFT_BASKET;70601;4;70590;1;70589;20;70602;20;70603;25;;;70601.5;0.0
2;15000;ORCHIDS;1078;5;1073;7;1072;3;1080;7;1081;3;1087;56;1079.0;0.0
2;15000;AMETHYSTS;9996;1;9995;29;;;10004;1;10005;29;;;10000.0;0.0
2;15000;CHOCOLATE;7893;122;;;;;7895;122;;;;;7894.0;0.0
2;15000;ROSES;14412;68;;;;;14414;68;;;;;14413.0;0.0
2;15000;STARFRUIT;5014;29;;;;;5021;30;;;;;5017.5;0.0
2;15000;STRAWBERRIES;4033;221;;;;;4034;79;4035;142;;;4033.5;0.0
2;15100;STRAWBERRIES;4033;249;;;;;4035;249;;;;;4034.0;0.0
2;15100;ROSES;14415;20;14414;50;;;14416;70;;;;;14415.5;0.0
2;15100;ORCHIDS;1073;6;1072;3;1066;38;1080;6;1081;3;1087;38;1076.5;0.0
2;15100;CHOCOLATE;7894;89;;;;;7896;89;;;;;7895.0;0.0
2;15100;STARFRUIT;5014;22;;;;;5021;22;;;;;5017.5;0.0
2;15100;GIFT_BASKET;70597;1;70596;11;70595;20;70608;1;70609;11;70610;20;70602.5;0.0
2;15100;AMETHYSTS;9996;1;9995;21;;;10004;1;10005;21;;;10000.0;0.0
2;15200;STARFRUIT;5014;24;;;;;5019;2;5021;24;;;5016.5;0.0
2;15200;ROSES;14416;21;14415;31;;;14417;52;;;;;14416.5;0.0
2;15200;STRAWBERRIES;4034;277;;;;;4035;92;4036;185;;;4034.5;0.0
2;15200;GIFT_BASKET;70604;12;70603;21;;;70617;12;70618;21;;;70610.5;0.0
2;15200;ORCHIDS;1075;6;1074;3;1068;42;1082;6;1083;3;1089;42;1078.5;0.0
2;15200;AMETHYSTS;9995;24;;;;;10005;24;;;;;10000.0;0.0
2;15200;CHOCOLATE;7894;131;;;;;7896;131;;;;;7895.0;0.0
2;15300;CHOCOLATE;7896;131;;;;;7898;131;;;;;7897.0;0.0
2;15300;STARFRUIT;5015;2;5014;24;;;5019;1;5021;26;;;5017.0;0.0
2;15300;GIFT_BASKET;70627;4;70617;2;70616;15;70628;15;70630;16;;;70627.5;0.0
2;15300;AMETHYSTS;9996;2;9995;24;;;10004;2;10005;24;;;10000.0;0.0
2;15300;STRAWBERRIES;4034;71;4033;177;;;4035;248;;;;;4034.5;0.0
2;15300;ROSES;14416;48;;;;;14418;48;;;;;14417.0;0.0
2;15300;ORCHIDS;1073;5;1072;4;1067;44;1080;5;1081;4;1087;44;1076.5;0.0
2;15400;GIFT_BASKET;70624;14;70623;25;;;70637;14;70638;25;;;70630.5;0.0
2;15400;ORCHIDS;1074;6;1073;2;1067;49;1077;6;1080;6;1081;2;1075.5;0.0
2;15400;AMETHYSTS;9998;3;9995;29;;;10005;29;;;;;10001.5;0.0
2;15400;CHOCOLATE;7897;151;;;;;7898;54;7899;97;;;7897.5;0.0
2;15400;STARFRUIT;5015;29;;;;;5022;29;;;;;5018.5;0.0
2;15400;ROSES;14413;72;;;;;14415;72;;;;;14414.0;0.0
2;15400;STRAWBERRIES;4034;292;;;;;4036;292;;;;;4035.0;0.0
2;15500;STRAWBERRIES;4034;201;;;;;4036;201;;;;;4035.0;0.0
2;15500;ROSES;14412;71;;;;;14414;71;;;;;14413.0;0.0
2;15500;ORCHIDS;1074;7;1073;5;1067;52;1081;7;1082;5;1088;52;1077.5;0.0
2;15500;CHOCOLATE;7897;112;;;;;7899;112;;;;;7898.0;0.0
2;15500;STARFRUIT;5015;27;;;;;5016;10;5021;2;5022;25;5015.5;0.0
2;15500;GIFT_BASKET;70632;2;70631;20;70630;22;70643;2;70644;20;70645;22;70637.5;0.0
2;15500;AMETHYSTS;9996;2;9995;25;;;10004;2;10005;25;;;10000.0;0.0
2;15600;STARFRUIT;5015;25;;;;;5022;25;;;;;5018.5;0.0
2;15600;ROSES;14410;62;;;;;14411;18;14412;44;;;14410.5;0.0
2;15600;STRAWBERRIES;4034;68;4033;178;;;4035;241;;;;;4034.5;0.0
2;15600;GIFT_BASKET;70636;4;70626;1;70625;19;70637;1;70638;19;70639;18;70636.5;0.0
2;15600;ORCHIDS;1074;9;1073;2;1067;52;1081;9;1082;2;1088;52;1077.5;0.0
2;15600;AMETHYSTS;9996;1;9995;24;;;9998;1;10004;1;10005;24;9997.0;0.0
2;15600;CHOCOLATE;7898;52;7897;63;;;7899;52;7900;63;;;7898.5;0.0
2;15700;CHOCOLATE;7899;31;7898;55;;;7900;40;7901;55;;;7899.5;0.0
2;15700;STARFRUIT;5015;26;;;;;5022;26;;;;;5018.5;0.0
2;15700;GIFT_BASKET;70636;16;70635;21;;;70649;16;70650;21;;;70642.5;0.0
2;15700;AMETHYSTS;9995;26;;;;;10005;26;;;;;10000.0;0.0
2;15700;STRAWBERRIES;4034;189;;;;;4035;55;4036;134;;;4034.5;0.0
2;15700;ORCHIDS;1073;5;1072;2;1066;47;1080;5;1081;2;1087;47;1076.5;0.0
2;15700;ROSES;14411;64;;;;;14412;64;;;;;14411.5;0.0
2;15800;ORCHIDS;1071;9;1070;3;1065;53;1078;9;1079;3;1085;53;1074.5;0.0
2;15800;AMETHYSTS;9995;25;;;;;10005;25;;;;;10000.0;0.0
2;15800;CHOCOLATE;7897;45;7896;86;;;7898;131;;;;;7897.5;0.0
2;15800;GIFT_BASKET;70622;19;70621;25;;;70635;19;70636;25;;;70628.5;0.0
2;15800;STARFRUIT;5015;4;5014;25;;;5021;25;;;;;5018.0;0.0
2;15800;ROSES;14410;66;;;;;14412;66;;;;;14411.0;0.0
2;15800;STRAWBERRIES;4034;247;;;;;4035;237;;;;;4034.5;0.0
2;15900;STRAWBERRIES;4033;252;;;;;4034;77;4035;169;;;4033.5;0.0
2;15900;ORCHIDS;1069;5;1068;2;1063;44;1076;5;1077;2;1083;44;1072.5;0.0
2;15900;ROSES;14410;70;;;;;14411;26;14412;44;;;14410.5;0.0
2;15900;CHOCOLATE;7896;118;;;;;7898;118;;;;;7897.0;0.0
2;15900;GIFT_BASKET;70616;2;70615;16;70614;26;70627;2;70628;16;70629;26;70621.5;0.0
2;15900;STARFRUIT;5015;25;;;;;5020;8;5021;2;5022;23;5017.5;0.0
2;15900;AMETHYSTS;9996;2;9995;23;;;10004;2;10005;23;;;10000.0;0.0
2;16000;STARFRUIT;5015;20;;;;;5016;9;5022;20;;;5015.5;0.0
2;16000;ROSES;14411;73;;;;;14413;73;;;;;14412.0;0.0
2;16000;STRAWBERRIES;4033;259;;;;;4035;259;;;;;4034.0;0.0
2;16000;ORCHIDS;1067;5;1066;4;1061;35;1074;5;1075;4;1081;35;1070.5;0.0
2;16000;AMETHYSTS;9995;20;;;;;10005;20;;;;;10000.0;0.0
2;16000;CHOCOLATE;7897;62;7896;61;;;7898;123;;;;;7897.5;0.0
2;16000;GIFT_BASKET;70618;10;70617;27;;;70631;10;70633;27;;;70624.5;0.0
2;16100;CHOCOLATE;7897;39;7896;50;;;7898;89;;;;;7897.5;0.0
2;16100;GIFT_BASKET;70619;2;70618;19;70617;23;70630;2;70631;19;70632;23;70624.5;0.0
2;16100;STARFRUIT;5015;23;;;;;5021;2;5022;21;;;5018.0;0.0
2;16100;AMETHYSTS;9996;2;9995;21;;;10004;2;10005;21;;;10000.0;0.0
2;16100;STRAWBERRIES;4033;50;4032;126;;;4034;176;;;;;4033.5;0.0
2;16100;ORCHIDS;1068;9;1067;3;1061;49;1074;9;1075;3;1082;49;1071.0;0.0
2;16100;ROSES;14411;23;14410;36;;;14412;59;;;;;14411.5;0.0
2;16200;ORCHIDS;1067;8;1066;3;1061;50;1074;8;1075;3;1081;50;1070.5;0.0
2;16200;AMETHYSTS;9996;1;9995;27;;;10002;10;10004;1;10005;27;9999.0;0.0
2;16200;CHOCOLATE;7895;144;;;;;7896;62;7897;82;;;7895.5;0.0
2;16200;GIFT_BASKET;70628;2;70623;1;70622;15;70634;1;70635;15;70636;26;70631.0;0.0
2;16200;STARFRUIT;5015;28;;;;;5020;1;5021;1;5022;27;5017.5;0.0
2;16200;ROSES;14413;67;;;;;14415;67;;;;;14414.0;0.0
2;16200;STRAWBERRIES;4033;263;;;;;4034;82;4035;181;;;4033.5;0.0
2;16300;STARFRUIT;5015;1;5014;24;;;5017;2;5021;25;;;5016.0;0.0
2;16300;STRAWBERRIES;4033;219;;;;;4035;219;;;;;4034.0;0.0
2;16300;ORCHIDS;1066;10;1065;2;1060;47;1073;10;1074;2;1080;47;1069.5;0.0
2;16300;ROSES;14416;49;;;;;14417;49;;;;;14416.5;0.0
2;16300;CHOCOLATE;7895;115;;;;;7897;115;;;;;7896.0;0.0
2;16300;GIFT_BASKET;70630;1;70629;13;70627;17;70640;1;70642;13;70643;17;70635.0;0.0
2;16300;AMETHYSTS;9998;2;9996;1;9995;24;10000;2;10004;1;10005;24;9999.0;0.0
2;16400;ROSES;14413;45;;;;;14415;45;;;;;14414.0;0.0
2;16400;STRAWBERRIES;4033;201;;;;;4035;198;;;;;4034.0;0.0
2;16400;ORCHIDS;1065;8;1064;5;1059;48;1072;8;1073;5;1079;48;1068.5;0.0
2;16400;AMETHYSTS;9996;1;9995;29;;;10004;1;10005;29;;;10000.0;0.0
2;16400;CHOCOLATE;7894;64;7893;86;;;7895;64;7896;86;;;7894.5;0.0
2;16400;GIFT_BASKET;70621;1;70620;11;70619;15;70632;1;70633;11;70634;15;70626.5;0.0
2;16400;STARFRUIT;5015;1;5014;29;;;5019;7;5021;30;;;5017.0;0.0
2;16500;CHOCOLATE;7894;134;;;;;7896;134;;;;;7895.0;0.0
2;16500;GIFT_BASKET;70621;11;70620;19;;;70634;11;70635;19;;;70627.5;0.0
2;16500;AMETHYSTS;9995;29;;;;;10005;29;;;;;10000.0;0.0
2;16500;STARFRUIT;5014;29;;;;;5022;29;;;;;5018.0;0.0
2;16500;STRAWBERRIES;4033;203;;;;;4034;85;4035;129;;;4033.5;0.0
2;16500;ORCHIDS;1064;9;1063;2;1057;49;1071;9;1072;2;1077;49;1067.5;0.0
2;16500;ROSES;14417;19;14416;43;;;14418;62;;;;;14417.5;0.0
2;16600;ORCHIDS;1064;9;1063;5;1057;42;1071;9;1072;5;1078;42;1067.5;0.0
2;16600;AMETHYSTS;9996;1;9995;20;;;10004;1;10005;20;;;10000.0;0.0
2;16600;CHOCOLATE;7893;151;;;;;7895;151;;;;;7894.0;0.0
2;16600;GIFT_BASKET;70610;1;70608;13;70607;26;70620;1;70621;13;70623;26;70615.0;0.0
2;16600;STARFRUIT;5015;1;5014;20;;;5021;21;;;;;5018.0;0.0
2;16600;ROSES;14416;26;14415;44;;;14417;70;;;;;14416.5;0.0
2;16600;STRAWBERRIES;4032;245;;;;;4034;245;;;;;4033.0;0.0
2;16700;STARFRUIT;5016;3;5015;23;;;5022;23;;;;;5019.0;0.0
2;16700;STRAWBERRIES;4031;281;;;;;4033;281;;;;;4032.0;0.0
2;16700;ORCHIDS;1062;7;1061;5;1055;44;1069;7;1070;5;1075;44;1065.5;0.0
2;16700;ROSES;14414;16;14413;45;;;14415;61;;;;;14414.5;0.0
2;16700;CHOCOLATE;7893;134;;;;;7894;38;7895;96;;;7893.5;0.0
2;16700;GIFT_BASKET;70595;2;70594;16;70593;16;70606;2;70607;16;70608;16;70600.5;0.0
2;16700;AMETHYSTS;9996;2;9995;21;;;10004;2;10005;21;;;10000.0;0.0
2;16800;ROSES;14413;16;14412;30;;;14414;46;;;;;14413.5;0.0
2;16800;STRAWBERRIES;4032;77;4031;184;;;4033;261;;;;;4032.5;0.0
2;16800;AMETHYSTS;10000;4;9996;1;9995;22;10002;6;10004;1;10005;22;10001.0;0.0
2;16800;ORCHIDS;1061;7;1060;4;1055;46;1068;7;1069;4;1075;46;1064.5;0.0
2;16800;CHOCOLATE;7892;118;;;;;7894;118;;;;;7893.0;0.0
2;16800;GIFT_BASKET;70588;1;70587;17;70586;16;70599;1;70600;17;70601;16;70593.5;0.0
2;16800;STARFRUIT;5020;4;5018;4;5016;1;5022;23;;;;;5021.0;0.0
2;16900;CHOCOLATE;7891;110;;;;;7892;6;7893;110;;;7891.5;0.0
2;16900;GIFT_BASKET;70575;1;70574;19;70573;20;70586;1;70587;19;70588;20;70580.5;0.0
2;16900;AMETHYSTS;9996;1;9995;23;;;10004;1;10005;23;;;10000.0;0.0
2;16900;STARFRUIT;5016;1;5015;23;;;5022;1;5023;23;;;5019.0;0.0
2;16900;STRAWBERRIES;4032;206;;;;;4033;50;4034;147;;;4032.5;0.0
2;16900;ROSES;14409;55;;;;;14411;55;;;;;14410.0;0.0
2;16900;ORCHIDS;1060;9;1059;5;1054;51;1067;9;1068;5;1074;51;1063.5;0.0
2;17000;AMETHYSTS;9996;2;9995;30;;;10002;3;10004;2;10005;30;9999.0;0.0
2;17000;ORCHIDS;1060;5;1059;4;1053;53;1067;5;1068;4;1073;53;1063.5;0.0
2;17000;CHOCOLATE;7891;39;7890;76;;;7892;115;;;;;7891.5;0.0
2;17000;STARFRUIT;5015;32;;;;;5022;32;;;;;5018.5;0.0
2;17000;GIFT_BASKET;70583;2;70582;18;70581;22;70594;2;70595;18;70596;22;70588.5;0.0
2;17000;ROSES;14410;55;;;;;14411;22;14412;33;;;14410.5;0.0
2;17000;STRAWBERRIES;4032;225;;;;;4033;76;4034;149;;;4032.5;0.0
2;17100;STRAWBERRIES;4032;69;4031;128;;;4033;197;;;;;4032.5;0.0
2;17100;STARFRUIT;5016;23;;;;;5023;23;;;;;5019.5;0.0
2;17100;ROSES;14413;65;;;;;14414;19;14415;46;;;14413.5;0.0
2;17100;ORCHIDS;1059;6;1057;4;1051;43;1066;6;1067;4;1073;43;1062.5;0.0
2;17100;CHOCOLATE;7890;117;;;;;7892;117;;;;;7891.0;0.0
2;17100;GIFT_BASKET;70584;2;70583;16;70582;19;70595;2;70596;16;70597;19;70589.5;0.0
2;17100;AMETHYSTS;9996;2;9995;21;;;10004;2;10005;21;;;10000.0;0.0
2;17200;ROSES;14409;56;;;;;14410;15;14411;41;;;14409.5;0.0
2;17200;STRAWBERRIES;4032;222;;;;;4033;222;;;;;4032.5;0.0
2;17200;AMETHYSTS;9996;1;9995;24;;;10000;6;10002;8;10004;1;9998.0;0.0
2;17200;ORCHIDS;1058;7;1057;3;1051;50;1065;7;1067;3;1073;50;1061.5;0.0
2;17200;STARFRUIT;5017;25;;;;;5020;6;5023;1;5024;24;5018.5;0.0
2;17200;CHOCOLATE;7890;116;;;;;7891;50;7892;66;;;7890.5;0.0
2;17200;GIFT_BASKET;70574;1;70573;19;70572;15;70585;1;70586;19;70587;15;70579.5;0.0
2;17300;CHOCOLATE;7891;55;7890;61;;;7892;55;7893;61;;;7891.5;0.0
2;17300;GIFT_BASKET;70578;12;70577;27;;;70584;5;70591;12;70593;27;70581.0;0.0
2;17300;AMETHYSTS;9995;28;;;;;10005;28;;;;;10000.0;0.0
2;17300;STRAWBERRIES;4032;50;4031;167;;;4033;228;;;;;4032.5;0.0
2;17300;STARFRUIT;5016;28;;;;;5023;28;;;;;5019.5;0.0
2;17300;ROSES;14410;69;;;;;14411;27;14412;42;;;14410.5;0.0
2;17300;ORCHIDS;1058;6;1056;3;1050;46;1065;6;1066;3;1072;46;1061.5;0.0
2;17400;AMETHYSTS;9995;22;;;;;10002;7;10005;22;;;9998.5;0.0
2;17400;ORCHIDS;1058;6;1056;3;1050;40;1065;6;1066;3;1072;40;1061.5;0.0
2;17400;STARFRUIT;5016;22;;;;;5023;22;;;;;5019.5;0.0
2;17400;CHOCOLATE;7891;53;7890;83;;;7892;136;;;;;7891.5;0.0
2;17400;GIFT_BASKET;70584;12;70583;19;;;70597;12;70598;19;;;70590.5;0.0
2;17400;ROSES;14411;62;;;;;14413;62;;;;;14412.0;0.0
2;17400;STRAWBERRIES;4032;206;;;;;4033;206;;;;;4032.5;0.0
2;17500;STRAWBERRIES;4032;52;4031;157;;;4033;209;;;;;4032.5;0.0
2;17500;STARFRUIT;5022;1;5016;31;;;5023;31;;;;;5022.5;0.0
2;17500;ROSES;14413;62;;;;;14414;20;14415;42;;;14413.5;0.0
2;17500;ORCHIDS;1054;10;1052;4;1046;59;1061;10;1062;4;1068;59;1057.5;0.0
2;17500;CHOCOLATE;7891;41;7890;52;;;7892;41;7893;52;;;7891.5;0.0
2;17500;GIFT_BASKET;70586;1;70585;19;70584;20;70597;1;70598;19;70599;20;70591.5;0.0
2;17500;AMETHYSTS;10002;1;9996;1;9995;30;10004;1;10005;30;;;10003.0;0.0
2;17600;ROSES;14415;22;14414;44;;;14416;66;;;;;14415.5;0.0
2;17600;STRAWBERRIES;4032;61;4031;104;;;4033;165;;;;;4032.5;0.0
2;17600;AMETHYSTS;9998;6;9996;2;9995;26;10004;2;10005;26;;;10001.0;0.0
2;17600;ORCHIDS;1055;9;1053;4;1047;51;1062;9;1063;4;1069;51;1058.5;0.0
2;17600;STARFRUIT;5017;2;5016;26;;;5023;28;;;;;5020.0;0.0
2;17600;CHOCOLATE;7889;108;;;;;7890;47;7891;61;;;7889.5;0.0
2;17600;GIFT_BASKET;70573;2;70572;16;70570;22;70583;2;70585;16;70586;22;70578.0;0.0
2;17700;CHOCOLATE;7891;47;7890;77;;;7892;124;;;;;7891.5;0.0
2;17700;GIFT_BASKET;70586;13;70585;28;;;70599;13;70600;28;;;70592.5;0.0
2;17700;AMETHYSTS;9995;23;;;;;10005;23;;;;;10000.0;0.0
2;17700;STRAWBERRIES;4032;232;;;;;4034;240;;;;;4033.0;0.0
2;17700;STARFRUIT;5017;3;5016;23;;;5023;23;;;;;5020.0;0.0
2;17700;ROSES;14416;28;14415;50;;;14417;78;;;;;14416.5;0.0
2;17700;ORCHIDS;1056;5;1055;4;1049;41;1063;5;1065;4;1071;41;1059.5;0.0
2;17800;AMETHYSTS;9995;28;;;;;10005;28;;;;;10000.0;0.0
2;17800;ORCHIDS;1058;10;1056;4;1050;58;1065;10;1066;4;1072;58;1061.5;0.0
2;17800;STARFRUIT;5016;28;;;;;5021;6;5023;28;;;5018.5;0.0
2;17800;CHOCOLATE;7891;51;7890;88;;;7892;139;;;;;7891.5;0.0
2;17800;GIFT_BASKET;70589;20;70588;30;;;70602;20;70603;30;;;70595.5;0.0
2;17800;ROSES;14414;74;;;;;14416;74;;;;;14415.0;0.0
2;17800;STRAWBERRIES;4032;234;;;;;4033;88;4034;146;;;4032.5;0.0
2;17900;STRAWBERRIES;4032;172;;;;;4034;172;;;;;4033.0;0.0
2;17900;ROSES;14416;74;;;;;14418;74;;;;;14417.0;0.0
2;17900;STARFRUIT;5016;1;5015;27;;;5020;2;5022;28;;;5018.0;0.0
2;17900;ORCHIDS;1057;5;1056;5;1050;42;1065;5;1066;5;1072;42;1061.0;0.0
2;17900;CHOCOLATE;7890;101;;;;;7892;101;;;;;7891.0;0.0
2;17900;GIFT_BASKET;70592;1;70591;10;70590;28;70603;1;70604;10;70605;28;70597.5;0.0
2;17900;AMETHYSTS;9996;1;9995;27;;;10004;1;10005;27;;;10000.0;0.0
2;18000;STRAWBERRIES;4032;274;;;;;4033;89;4034;185;;;4032.5;0.0
2;18000;ROSES;14417;57;;;;;14419;57;;;;;14418.0;0.0
2;18000;AMETHYSTS;9998;4;9996;1;9995;30;10004;1;10005;30;;;10001.0;0.0
2;18000;ORCHIDS;1057;10;1056;3;1050;57;1064;10;1066;3;1072;57;1060.5;0.0
2;18000;GIFT_BASKET;70601;1;70600;17;70599;26;70612;1;70613;17;70614;26;70606.5;0.0
2;18000;STARFRUIT;5015;31;;;;;5022;31;;;;;5018.5;0.0
2;18000;CHOCOLATE;7891;143;;;;;7892;54;7893;89;;;7891.5;0.0
2;18100;GIFT_BASKET;70598;1;70597;14;70596;21;70609;1;70610;14;70611;21;70603.5;0.0
2;18100;CHOCOLATE;7890;44;7889;99;;;7891;143;;;;;7890.5;0.0
2;18100;AMETHYSTS;9996;1;9995;27;;;10004;1;10005;27;;;10000.0;0.0
2;18100;ROSES;14419;61;;;;;14420;21;14421;40;;;14419.5;0.0
2;18100;STRAWBERRIES;4032;243;;;;;4033;99;4034;144;;;4032.5;0.0
2;18100;STARFRUIT;5015;28;;;;;5022;28;;;;;5018.5;0.0
2;18100;ORCHIDS;1056;10;1055;4;1049;51;1063;10;1065;4;1071;51;1059.5;0.0
2;18200;AMETHYSTS;9998;1;9996;1;9995;26;10004;1;10005;26;;;10001.0;0.0
2;18200;ORCHIDS;1056;6;1055;2;1049;44;1063;6;1065;2;1071;44;1059.5;0.0
2;18200;GIFT_BASKET;70612;1;70611;12;70610;17;70623;1;70624;12;70625;17;70617.5;0.0
2;18200;STARFRUIT;5015;27;;;;;5020;7;5022;27;;;5017.5;0.0
2;18200;CHOCOLATE;7892;38;7891;56;;;7893;38;7894;56;;;7892.5;0.0
2;18200;ROSES;14420;60;;;;;14421;60;;;;;14420.5;0.0
2;18200;STRAWBERRIES;4032;234;;;;;4034;234;;;;;4033.0;0.0
2;18300;ROSES;14419;72;;;;;14420;26;14421;46;;;14419.5;0.0
2;18300;STRAWBERRIES;4032;231;;;;;4034;231;;;;;4033.0;0.0
2;18300;STARFRUIT;5020;1;5015;23;;;5022;23;;;;;5021.0;0.0
2;18300;ORCHIDS;1056;10;1055;5;1049;46;1063;10;1065;5;1071;46;1059.5;0.0
2;18300;GIFT_BASKET;70614;1;70612;14;70611;26;70624;1;70625;14;70627;26;70619.0;0.0
2;18300;CHOCOLATE;7893;113;;;;;7894;40;7895;73;;;7893.5;0.0
2;18300;AMETHYSTS;9996;1;9995;22;;;10002;10;10004;1;10005;22;9999.0;0.0
2;18400;ROSES;14419;46;;;;;14420;53;;;;;14419.5;0.0
2;18400;STRAWBERRIES;4032;273;;;;;4034;273;;;;;4033.0;0.0
2;18400;AMETHYSTS;9996;1;9995;26;;;10004;1;10005;26;;;10000.0;0.0
2;18400;ORCHIDS;1057;9;1056;4;1050;46;1064;9;1066;4;1072;46;1060.5;0.0
2;18400;GIFT_BASKET;70619;1;70618;11;70617;17;70630;1;70631;11;70632;17;70624.5;0.0
2;18400;STARFRUIT;5014;27;;;;;5021;27;;;;;5017.5;0.0
2;18400;CHOCOLATE;7892;142;;;;;7894;142;;;;;7893.0;0.0
2;18500;GIFT_BASKET;70623;1;70622;16;70621;21;70634;1;70635;16;70636;21;70628.5;0.0
2;18500;CHOCOLATE;7892;92;;;;;7894;92;;;;;7893.0;0.0
2;18500;AMETHYSTS;9996;1;9995;27;;;10004;1;10005;27;;;10000.0;0.0
2;18500;STARFRUIT;5014;28;;;;;5021;28;;;;;5017.5;0.0
2;18500;ROSES;14420;62;;;;;14422;62;;;;;14421.0;0.0
2;18500;STRAWBERRIES;4033;184;;;;;4034;184;;;;;4033.5;0.0
2;18500;ORCHIDS;1057;8;1055;2;1049;51;1064;8;1065;2;1071;51;1060.5;0.0
2;18600;ORCHIDS;1055;10;1054;3;1048;48;1062;10;1064;3;1070;48;1058.5;0.0
2;18600;GIFT_BASKET;70633;11;70632;23;;;70646;11;70648;23;;;70639.5;0.0
2;18600;STARFRUIT;5014;27;;;;;5021;27;;;;;5017.5;0.0
2;18600;CHOCOLATE;7893;89;;;;;7894;37;7895;52;;;7893.5;0.0
2;18600;AMETHYSTS;9995;27;;;;;10005;27;;;;;10000.0;0.0
2;18600;ROSES;14423;57;;;;;14424;57;;;;;14423.5;0.0
2;18600;STRAWBERRIES;4033;196;;;;;4034;196;;;;;4033.5;0.0
2;18700;STARFRUIT;5014;23;;;;;5021;23;;;;;5017.5;0.0
2;18700;ROSES;14418;68;;;;;14419;68;;;;;14418.5;0.0
2;18700;STRAWBERRIES;4032;245;;;;;4034;245;;;;;4033.0;0.0
2;18700;ORCHIDS;1054;9;1053;2;1047;45;1061;9;1063;2;1069;45;1057.5;0.0
2;18700;GIFT_BASKET;70625;13;70624;19;;;70638;13;70639;19;;;70631.5;0.0
2;18700;CHOCOLATE;7892;119;;;;;7893;52;7894;67;;;7892.5;0.0
2;18700;AMETHYSTS;9995;23;;;;;10005;23;;;;;10000.0;0.0
2;18800;ROSES;14414;52;;;;;14416;52;;;;;14415.0;0.0
2;18800;STRAWBERRIES;4032;90;4031;196;;;4033;286;;;;;4032.5;0.0
2;18800;ORCHIDS;1055;9;1053;3;1047;44;1062;9;1063;3;1069;44;1058.5;0.0
2;18800;GIFT_BASKET;70622;2;70621;15;70620;17;70633;2;70634;15;70635;17;70627.5;0.0
2;18800;STARFRUIT;5014;22;;;;;5019;1;5020;2;5021;20;5016.5;0.0
2;18800;CHOCOLATE;7894;141;;;;;7896;141;;;;;7895.0;0.0
2;18800;AMETHYSTS;9996;2;9995;20;;;10004;2;10005;20;;;10000.0;0.0
2;18900;GIFT_BASKET;70626;16;70625;27;;;70639;16;70641;27;;;70632.5;0.0
2;18900;CHOCOLATE;7893;150;;;;;7895;150;;;;;7894.0;0.0
2;18900;AMETHYSTS;9995;28;;;;;10005;28;;;;;10000.0;0.0
2;18900;STARFRUIT;5014;28;;;;;5021;28;;;;;5017.5;0.0
2;18900;ROSES;14410;58;;;;;14411;27;14412;31;;;14410.5;0.0
2;18900;STRAWBERRIES;4031;285;;;;;4033;285;;;;;4032.0;0.0
2;18900;ORCHIDS;1058;10;1056;2;1050;54;1065;10;1066;2;1072;54;1061.5;0.0
2;19000;GIFT_BASKET;70636;1;70635;11;70634;18;70647;1;70648;11;70649;18;70641.5;0.0
2;19000;STARFRUIT;5014;22;;;;;5020;1;5021;21;;;5017.0;0.0
2;19000;CHOCOLATE;7894;134;;;;;7895;53;7896;81;;;7894.5;0.0
2;19000;AMETHYSTS;9996;1;9995;21;;;10004;1;10005;21;;;10000.0;0.0
2;19000;ROSES;14409;18;14408;35;;;14410;53;;;;;14409.5;0.0
2;19000;ORCHIDS;1057;9;1055;5;1049;41;1064;9;1065;5;1071;41;1060.5;0.0
2;19000;STRAWBERRIES;4031;239;;;;;4033;239;;;;;4032.0;0.0
2;19100;ROSES;14407;69;;;;;14408;69;;;;;14407.5;0.0
2;19100;STARFRUIT;5014;1;5013;24;;;5020;25;;;;;5017.0;0.0
2;19100;STRAWBERRIES;4031;270;;;;;4032;88;4033;182;;;4031.5;0.0
2;19100;GIFT_BASKET;70635;1;70634;10;70633;25;70646;1;70647;10;70648;25;70640.5;0.0
2;19100;ORCHIDS;1056;5;1055;4;1049;39;1063;5;1065;4;1071;39;1059.5;0.0
2;19100;CHOCOLATE;7895;5;7894;151;;;7896;151;;;;;7895.5;0.0
2;19100;AMETHYSTS;9998;3;9996;1;9995;24;10004;1;10005;24;;;10001.0;0.0
2;19200;ROSES;14407;64;;;;;14408;26;14409;38;;;14407.5;0.0
2;19200;ORCHIDS;1056;10;1055;2;1049;45;1063;10;1065;2;1071;45;1059.5;0.0
2;19200;STRAWBERRIES;4031;210;;;;;4032;96;4033;117;;;4031.5;0.0
2;19200;STARFRUIT;5014;21;;;;;5019;5;5021;21;;;5016.5;0.0
2;19200;GIFT_BASKET;70635;14;70634;26;;;70641;2;70648;14;70649;26;70638.0;0.0
2;19200;CHOCOLATE;7895;141;;;;;7896;45;7897;96;;;7895.5;0.0
2;19200;AMETHYSTS;10002;1;9998;9;9995;21;10005;21;;;;;10003.5;0.0
2;19300;GIFT_BASKET;70639;1;70634;2;70633;13;70645;2;70646;13;70647;29;70642.0;0.0
2;19300;ORCHIDS;1056;9;1055;5;1049;48;1063;9;1065;5;1071;48;1059.5;0.0
2;19300;AMETHYSTS;9998;10;9996;2;9995;26;10004;2;10005;26;;;10001.0;0.0
2;19300;STRAWBERRIES;4031;212;;;;;4033;212;;;;;4032.0;0.0
2;19300;ROSES;14406;68;;;;;14408;68;;;;;14407.0;0.0
2;19300;STARFRUIT;5014;3;5013;28;;;5020;28;;;;;5017.0;0.0
2;19300;CHOCOLATE;7895;134;;;;;7896;63;7897;71;;;7895.5;0.0
2;19400;STRAWBERRIES;4031;213;;;;;4032;58;4033;155;;;4031.5;0.0
2;19400;STARFRUIT;5013;30;;;;;5018;2;5020;30;;;5015.5;0.0
2;19400;GIFT_BASKET;70642;2;70641;12;70640;27;70653;2;70654;12;70655;27;70647.5;0.0
2;19400;AMETHYSTS;9996;2;9995;28;;;10004;2;10005;28;;;10000.0;0.0
2;19400;CHOCOLATE;7894;110;;;;;7895;52;7896;58;;;7894.5;0.0
2;19400;ROSES;14410;27;14409;42;;;14411;69;;;;;14410.5;0.0
2;19400;ORCHIDS;1055;6;1054;4;1048;46;1062;6;1064;4;1070;46;1058.5;0.0
2;19500;ROSES;14408;58;;;;;14409;58;;;;;14408.5;0.0
2;19500;STARFRUIT;5013;29;;;;;5014;1;5020;29;;;5013.5;0.0
2;19500;CHOCOLATE;7895;105;;;;;7896;46;7897;59;;;7895.5;0.0
2;19500;GIFT_BASKET;70643;5;70638;2;70637;16;70649;2;70650;16;70651;15;70646.0;0.0
2;19500;ORCHIDS;1055;8;1054;3;1048;51;1062;8;1064;3;1070;51;1058.5;0.0
2;19500;AMETHYSTS;9998;1;9996;2;9995;27;10004;2;10005;27;;;10001.0;0.0
2;19500;STRAWBERRIES;4031;233;;;;;4032;233;;;;;4031.5;0.0
2;19600;CHOCOLATE;7894;88;;;;;7895;35;7896;53;;;7894.5;0.0
2;19600;ROSES;14406;56;;;;;14407;56;;;;;14406.5;0.0
2;19600;ORCHIDS;1055;6;1053;3;1047;41;1062;6;1063;3;1069;41;1058.5;0.0
2;19600;STRAWBERRIES;4031;53;4030;140;;;4032;193;;;;;4031.5;0.0
2;19600;STARFRUIT;5014;1;5013;23;;;5020;23;;;;;5017.0;0.0
2;19600;GIFT_BASKET;70634;12;70633;21;;;70647;12;70648;21;;;70640.5;0.0
2;19600;AMETHYSTS;9995;23;;;;;10005;23;;;;;10000.0;0.0
2;19700;GIFT_BASKET;70625;11;70623;27;;;70638;11;70639;27;;;70631.5;0.0
2;19700;ORCHIDS;1053;9;1052;4;1046;50;1060;9;1062;4;1068;50;1056.5;0.0
2;19700;AMETHYSTS;10000;5;9995;30;;;10005;30;;;;;10002.5;0.0
2;19700;STRAWBERRIES;4031;65;4030;166;;;4032;231;;;;;4031.5;0.0
2;19700;STARFRUIT;5017;5;5014;30;;;5021;30;;;;;5019.0;0.0
2;19700;ROSES;14404;27;14403;43;;;14405;70;;;;;14404.5;0.0
2;19700;CHOCOLATE;7894;108;;;;;7895;43;7896;65;;;7894.5;0.0
2;19800;STRAWBERRIES;4031;163;;;;;4033;163;;;;;4032.0;0.0
2;19800;STARFRUIT;5014;1;5013;24;;;5020;25;;;;;5017.0;0.0
2;19800;GIFT_BASKET;70629;1;70628;13;70627;26;70640;1;70641;13;70642;26;70634.5;0.0
2;19800;AMETHYSTS;9996;1;9995;24;;;10004;1;10005;24;;;10000.0;0.0
2;19800;CHOCOLATE;7894;89;;;;;7896;89;;;;;7895.0;0.0
2;19800;ROSES;14403;69;;;;;14404;69;;;;;14403.5;0.0
2;19800;ORCHIDS;1055;10;1053;4;1047;47;1062;10;1063;4;1069;47;1058.5;0.0
2;19900;STARFRUIT;5014;1;5013;21;;;5020;22;;;;;5017.0;0.0
2;19900;ROSES;14403;78;;;;;14404;28;14405;50;;;14403.5;0.0
2;19900;CHOCOLATE;7894;94;;;;;7896;94;;;;;7895.0;0.0
2;19900;GIFT_BASKET;70625;1;70624;13;70623;28;70636;1;70637;13;70638;28;70630.5;0.0
2;19900;ORCHIDS;1057;5;1056;4;1050;39;1064;5;1066;4;1072;39;1060.5;0.0
2;19900;AMETHYSTS;9996;1;9995;21;;;10004;1;10005;21;;;10000.0;0.0
2;19900;STRAWBERRIES;4032;216;;;;;4033;216;;;;;4032.5;0.0
2;20000;CHOCOLATE;7894;47;7893;88;;;7895;47;7896;88;;;7894.5;0.0
2;20000;ROSES;14402;74;;;;;14403;74;;;;;14402.5;0.0
2;20000;ORCHIDS;1058;5;1057;5;1051;49;1065;5;1067;5;1073;49;1061.5;0.0
2;20000;STRAWBERRIES;4032;244;;;;;4033;88;4034;156;;;4032.5;0.0
2;20000;STARFRUIT;5014;31;;;;;5021;31;;;;;5017.5;0.0
2;20000;GIFT_BASKET;70627;2;70626;15;70625;29;70638;2;70639;15;70640;29;70632.5;0.0
2;20000;AMETHYSTS;9996;2;9995;29;;;10004;2;10005;29;;;10000.0;0.0
2;20100;GIFT_BASKET;70630;2;70629;11;70628;19;70641;2;70642;11;70643;19;70635.5;0.0
2;20100;ORCHIDS;1058;9;1057;3;1051;50;1065;9;1067;3;1073;50;1061.5;0.0
2;20100;AMETHYSTS;10000;6;9996;2;9995;30;10002;6;10004;2;10005;30;10001.0;0.0
2;20100;STRAWBERRIES;4032;251;;;;;4034;251;;;;;4033.0;0.0
2;20100;STARFRUIT;5017;6;5014;32;;;5021;32;;;;;5019.0;0.0
2;20100;ROSES;14399;58;;;;;14400;19;14401;39;;;14399.5;0.0
2;20100;CHOCOLATE;7894;113;;;;;7895;45;7896;68;;;7894.5;0.0
2;20200;STRAWBERRIES;4032;244;;;;;4034;244;;;;;4033.0;0.0
2;20200;STARFRUIT;5013;27;;;;;5020;27;;;;;5016.5;0.0
2;20200;AMETHYSTS;9995;27;;;;;9998;1;10005;27;;;9996.5;0.0
2;20200;CHOCOLATE;7893;100;;;;;7895;100;;;;;7894.0;0.0
2;20200;GIFT_BASKET;70637;7;70626;12;70625;24;70639;12;70640;24;;;70638.0;0.0
2;20200;ORCHIDS;1058;6;1056;3;1050;45;1065;6;1066;3;1072;45;1061.5;0.0
2;20200;ROSES;14396;24;14395;49;;;14397;73;;;;;14396.5;0.0
2;20300;STARFRUIT;5013;29;;;;;5020;29;;;;;5016.5;0.0
2;20300;ROSES;14396;62;;;;;14397;62;;;;;14396.5;0.0
2;20300;CHOCOLATE;7896;48;7895;62;;;7897;110;;;;;7896.5;0.0
2;20300;GIFT_BASKET;70635;12;70634;30;;;70648;12;70649;30;;;70641.5;0.0
2;20300;ORCHIDS;1056;10;1055;2;1049;51;1063;10;1065;2;1071;51;1059.5;0.0
2;20300;AMETHYSTS;9995;29;;;;;10002;6;10005;29;;;9998.5;0.0
2;20300;STRAWBERRIES;4032;199;;;;;4034;199;;;;;4033.0;0.0
2;20400;CHOCOLATE;7896;121;;;;;7898;121;;;;;7897.0;0.0
2;20400;GIFT_BASKET;70621;2;70620;11;70619;30;70632;2;70633;11;70634;30;70626.5;0.0
2;20400;ORCHIDS;1055;7;1053;3;1047;48;1062;7;1063;3;1069;48;1058.5;0.0
2;20400;ROSES;14394;69;;;;;14396;69;;;;;14395.0;0.0
2;20400;STRAWBERRIES;4032;168;;;;;4034;168;;;;;4033.0;0.0
2;20400;STARFRUIT;5013;32;;;;;5020;32;;;;;5016.5;0.0
2;20400;AMETHYSTS;9996;2;9995;30;;;10004;2;10005;30;;;10000.0;0.0
2;20500;ORCHIDS;1054;9;1053;4;1047;48;1062;9;1063;4;1069;48;1058.0;0.0
2;20500;AMETHYSTS;10002;1;9996;1;9995;23;10004;1;10005;23;;;10003.0;0.0
2;20500;STRAWBERRIES;4032;192;;;;;4034;192;;;;;4033.0;0.0
2;20500;STARFRUIT;5019;1;5015;1;5014;24;5021;24;;;;;5020.0;0.0
2;20500;ROSES;14392;23;14391;31;;;14393;54;;;;;14392.5;0.0
2;20500;CHOCOLATE;7893;102;;;;;7895;102;;;;;7894.0;0.0
2;20500;GIFT_BASKET;70603;1;70602;16;70601;23;70614;1;70615;16;70616;23;70608.5;0.0
2;20600;STRAWBERRIES;4032;201;;;;;4034;201;;;;;4033.0;0.0
2;20600;STARFRUIT;5014;27;;;;;5015;1;5019;1;5021;27;5014.5;0.0
2;20600;AMETHYSTS;10002;1;9995;27;;;10005;27;;;;;10003.5;0.0
2;20600;CHOCOLATE;7892;144;;;;;7894;144;;;;;7893.0;0.0
2;20600;GIFT_BASKET;70591;20;70590;18;;;70604;20;70605;18;;;70597.5;0.0
2;20600;ORCHIDS;1055;8;1053;2;1047;55;1062;8;1063;2;1069;55;1058.5;0.0
2;20600;ROSES;14391;52;;;;;14392;52;;;;;14391.5;0.0
2;20700;ROSES;14392;18;14391;45;;;14393;63;;;;;14392.5;0.0
2;20700;CHOCOLATE;7892;117;;;;;7894;117;;;;;7893.0;0.0
2;20700;GIFT_BASKET;70597;12;70596;18;;;70610;12;70611;18;;;70603.5;0.0
2;20700;STARFRUIT;5014;20;;;;;5021;20;;;;;5017.5;0.0
2;20700;ORCHIDS;1054;10;1052;4;1046;42;1061;10;1062;4;1068;42;1057.5;0.0
2;20700;AMETHYSTS;9995;20;;;;;10005;20;;;;;10000.0;0.0
2;20700;STRAWBERRIES;4032;261;;;;;4034;261;;;;;4033.0;0.0
2;20800;CHOCOLATE;7892;118;;;;;7894;118;;;;;7893.0;0.0
2;20800;GIFT_BASKET;70601;1;70600;19;70599;27;70606;6;70612;1;70613;19;70603.5;0.0
2;20800;ORCHIDS;1053;8;1052;3;1046;49;1060;8;1062;3;1068;49;1056.5;0.0
2;20800;ROSES;14397;68;;;;;14398;68;;;;;14397.5;0.0
2;20800;STARFRUIT;5014;1;5013;22;;;5020;23;;;;;5017.0;0.0
2;20800;STRAWBERRIES;4032;238;;;;;4033;77;4034;161;;;4032.5;0.0
2;20800;AMETHYSTS;9996;1;9995;22;;;10004;1;10005;22;;;10000.0;0.0
2;20900;ORCHIDS;1051;6;1050;4;1044;48;1058;6;1060;4;1066;48;1054.5;0.0
2;20900;AMETHYSTS;9998;9;9996;1;9995;28;10004;1;10005;28;;;10001.0;0.0
2;20900;STRAWBERRIES;4032;167;;;;;4033;60;4034;107;;;4032.5;0.0
2;20900;ROSES;14401;69;;;;;14402;63;;;;;14401.5;0.0
2;20900;CHOCOLATE;7893;43;7892;60;;;7894;103;;;;;7893.5;0.0
2;20900;GIFT_BASKET;70592;1;70591;14;70590;28;70603;1;70604;14;70605;28;70597.5;0.0
2;20900;STARFRUIT;5014;1;5013;28;;;5020;29;;;;;5017.0;0.0
2;21000;STARFRUIT;5014;2;5013;29;;;5020;31;;;;;5017.0;0.0
2;21000;STRAWBERRIES;4032;165;;;;;4033;165;;;;;4032.5;0.0
2;21000;AMETHYSTS;9996;2;9995;29;;;10002;6;10004;2;10005;29;9999.0;0.0
2;21000;CHOCOLATE;7892;59;7891;59;;;7893;59;7894;59;;;7892.5;0.0
2;21000;GIFT_BASKET;70590;2;70589;11;70588;15;70601;2;70602;11;70603;15;70595.5;0.0
2;21000;ORCHIDS;1053;6;1051;4;1045;46;1060;6;1061;4;1067;46;1056.5;0.0
2;21000;ROSES;14398;58;;;;;14400;58;;;;;14399.0;0.0
2;21100;ROSES;14397;58;;;;;14398;17;14399;41;;;14397.5;0.0
2;21100;CHOCOLATE;7891;60;7890;67;;;7892;60;7893;67;;;7891.5;0.0
2;21100;GIFT_BASKET;70575;2;70574;20;70573;17;70586;2;70587;20;70588;17;70580.5;0.0
2;21100;STARFRUIT;5014;28;;;;;5015;5;5020;2;5021;26;5014.5;0.0
2;21100;ORCHIDS;1051;8;1049;5;1043;54;1058;8;1059;5;1065;54;1054.5;0.0
2;21100;AMETHYSTS;9998;8;9996;2;9995;26;10004;2;10005;26;;;10001.0;0.0
2;21100;STRAWBERRIES;4032;216;;;;;4033;216;;;;;4032.5;0.0
2;21200;CHOCOLATE;7890;59;7889;55;;;7891;59;7892;55;;;7890.5;0.0
2;21200;GIFT_BASKET;70577;3;70572;1;70571;13;70583;1;70584;13;70585;21;70580.0;0.0
2;21200;ORCHIDS;1052;10;1051;4;1045;53;1059;10;1061;4;1067;53;1055.5;0.0
2;21200;ROSES;14392;69;;;;;14393;69;;;;;14392.5;0.0
2;21200;STARFRUIT;5013;31;;;;;5020;31;;;;;5016.5;0.0
2;21200;STRAWBERRIES;4032;228;;;;;4033;228;;;;;4032.5;0.0
2;21200;AMETHYSTS;9996;1;9995;30;;;9998;1;10004;1;10005;30;9997.0;0.0
2;21300;AMETHYSTS;9996;2;9995;24;;;10002;1;10004;2;10005;24;9999.0;0.0
2;21300;ORCHIDS;1050;7;1048;3;1042;42;1057;7;1058;3;1064;42;1053.5;0.0
2;21300;STRAWBERRIES;4032;265;;;;;4033;265;;;;;4032.5;0.0
2;21300;ROSES;14387;20;14386;36;;;14388;56;;;;;14387.5;0.0
2;21300;CHOCOLATE;7889;44;7888;69;;;7890;113;;;;;7889.5;0.0
2;21300;GIFT_BASKET;70573;2;70572;11;70571;20;70584;2;70585;11;70586;20;70578.5;0.0
2;21300;STARFRUIT;5013;26;;;;;5020;26;;;;;5016.5;0.0
2;21400;STRAWBERRIES;4032;275;;;;;4033;75;4034;200;;;4032.5;0.0
2;21400;STARFRUIT;5013;21;;;;;5020;21;;;;;5016.5;0.0
2;21400;AMETHYSTS;9998;7;9995;21;;;10005;21;;;;;10001.5;0.0
2;21400;CHOCOLATE;7888;123;;;;;7889;48;7890;75;;;7888.5;0.0
2;21400;GIFT_BASKET;70565;17;70564;20;;;70578;17;70579;20;;;70571.5;0.0
2;21400;ROSES;14382;52;;;;;14383;52;;;;;14382.5;0.0
2;21400;ORCHIDS;1051;8;1049;3;1043;46;1058;8;1059;3;1065;46;1054.5;0.0
2;21500;ROSES;14384;73;;;;;14385;30;14386;43;;;14384.5;0.0
2;21500;STARFRUIT;5013;27;;;;;5014;1;5020;27;;;5013.5;0.0
2;21500;CHOCOLATE;7888;36;7887;75;;;7889;36;7890;75;;;7888.5;0.0
2;21500;GIFT_BASKET;70579;5;70568;1;70567;17;70580;17;70581;30;;;70579.5;0.0
2;21500;AMETHYSTS;9996;1;9995;26;;;10004;1;10005;26;;;10000.0;0.0
2;21500;ORCHIDS;1054;6;1051;9;1050;3;1058;9;1059;3;1066;52;1056.0;0.0
2;21500;STRAWBERRIES;4032;243;;;;;4033;243;;;;;4032.5;0.0
2;21600;CHOCOLATE;7886;137;;;;;7887;65;7888;72;;;7886.5;0.0
2;21600;GIFT_BASKET;70559;5;70553;14;70552;25;70566;14;70567;25;;;70562.5;0.0
2;21600;ROSES;14383;61;;;;;14385;61;;;;;14384.0;0.0
2;21600;ORCHIDS;1052;6;1051;4;1045;49;1059;6;1061;4;1067;49;1055.5;0.0
2;21600;STRAWBERRIES;4032;207;;;;;4034;207;;;;;4033.0;0.0
2;21600;STARFRUIT;5014;1;5013;29;;;5020;29;;;;;5017.0;0.0
2;21600;AMETHYSTS;9995;29;;;;;10005;29;;;;;10000.0;0.0
2;21700;AMETHYSTS;9996;2;9995;23;;;10002;1;10004;2;10005;23;9999.0;0.0
2;21700;ORCHIDS;1054;5;1053;2;1047;41;1061;5;1063;2;1069;41;1057.5;0.0
2;21700;STRAWBERRIES;4032;195;;;;;4034;195;;;;;4033.0;0.0
2;21700;ROSES;14380;15;14379;39;;;14381;54;;;;;14380.5;0.0
2;21700;STARFRUIT;5013;25;;;;;5020;25;;;;;5016.5;0.0
2;21700;CHOCOLATE;7888;65;7887;82;;;7889;147;;;;;7888.5;0.0
2;21700;GIFT_BASKET;70562;2;70561;13;70560;15;70573;2;70574;13;70575;15;70567.5;0.0
2;21800;STRAWBERRIES;4032;206;;;;;4034;206;;;;;4033.0;0.0
2;21800;STARFRUIT;5013;22;;;;;5020;22;;;;;5016.5;0.0
2;21800;AMETHYSTS;9996;2;9995;20;;;10004;2;10005;20;;;10000.0;0.0
2;21800;CHOCOLATE;7887;111;;;;;7889;111;;;;;7888.0;0.0
2;21800;GIFT_BASKET;70553;2;70552;13;70551;22;70564;2;70565;13;70566;22;70558.5;0.0
2;21800;ROSES;14378;22;14377;49;;;14379;71;;;;;14378.5;0.0
2;21800;ORCHIDS;1056;10;1055;3;1049;43;1063;10;1065;3;1071;43;1059.5;0.0
2;21900;ROSES;14376;78;;;;;14378;78;;;;;14377.0;0.0
2;21900;STARFRUIT;5013;30;;;;;5018;2;5020;30;;;5015.5;0.0
2;21900;CHOCOLATE;7885;132;;;;;7887;132;;;;;7886.0;0.0
2;21900;GIFT_BASKET;70542;2;70541;17;70540;30;70553;2;70554;17;70555;30;70547.5;0.0
2;21900;AMETHYSTS;9998;4;9996;2;9995;28;10004;2;10005;28;;;10001.0;0.0
2;21900;ORCHIDS;1055;10;1054;3;1048;55;1062;10;1064;3;1070;55;1058.5;0.0
2;21900;STRAWBERRIES;4032;198;;;;;4034;198;;;;;4033.0;0.0
2;22000;CHOCOLATE;7886;35;7885;94;;;7887;129;;;;;7886.5;0.0
2;22000;GIFT_BASKET;70538;1;70537;10;70536;26;70549;1;70550;10;70551;26;70543.5;0.0
2;22000;ROSES;14374;64;;;;;14376;64;;;;;14375.0;0.0
2;22000;ORCHIDS;1058;6;1055;9;1054;4;1062;9;1064;4;1070;43;1060.0;0.0
2;22000;STRAWBERRIES;4032;202;;;;;4033;94;4034;108;;;4032.5;0.0
2;22000;STARFRUIT;5013;25;;;;;5019;1;5020;24;;;5016.0;0.0
2;22000;AMETHYSTS;9996;1;9995;24;;;10004;1;10005;24;;;10000.0;0.0
2;22100;AMETHYSTS;9998;1;9996;1;9995;26;10004;1;10005;26;;;10001.0;0.0
2;22100;ORCHIDS;1055;10;1054;5;1048;47;1062;10;1064;5;1070;47;1058.5;0.0
2;22100;STRAWBERRIES;4032;237;;;;;4033;79;4034;158;;;4032.5;0.0
2;22100;ROSES;14378;62;;;;;14379;30;14380;32;;;14378.5;0.0
2;22100;STARFRUIT;5013;27;;;;;5020;27;;;;;5016.5;0.0
2;22100;CHOCOLATE;7886;128;;;;;7888;128;;;;;7887.0;0.0
2;22100;GIFT_BASKET;70545;1;70544;11;70543;30;70556;1;70557;11;70558;30;70550.5;0.0
2;22200;STRAWBERRIES;4032;240;;;;;4034;240;;;;;4033.0;0.0
2;22200;STARFRUIT;5013;22;;;;;5020;22;;;;;5016.5;0.0
2;22200;AMETHYSTS;10002;5;9996;1;9995;21;10004;1;10005;21;;;10003.0;0.0
2;22200;CHOCOLATE;7885;115;;;;;7887;115;;;;;7886.0;0.0
2;22200;GIFT_BASKET;70549;1;70548;18;70547;17;70554;1;70560;1;70561;18;70551.5;0.0
2;22200;ROSES;14373;63;;;;;14374;63;;;;;14373.5;0.0
2;22200;ORCHIDS;1056;7;1055;3;1049;46;1063;7;1065;3;1071;46;1059.5;0.0
2;22300;STARFRUIT;5013;29;;;;;5020;29;;;;;5016.5;0.0
2;22300;CHOCOLATE;7887;148;;;;;7888;10;7889;148;;;7887.5;0.0
2;22300;GIFT_BASKET;70549;1;70548;10;70547;23;70560;1;70561;10;70562;23;70554.5;0.0
2;22300;AMETHYSTS;9996;1;9995;28;;;10004;1;10005;28;;;10000.0;0.0
2;22300;ORCHIDS;1055;7;1053;4;1047;45;1062;7;1063;4;1069;45;1058.5;0.0
2;22300;STRAWBERRIES;4032;272;;;;;4034;272;;;;;4033.0;0.0
