day;timestamp;product;bid_price_1;bid_volume_1;bid_price_2;bid_volume_2;bid_price_3;bid_volume_3;ask_price_1;ask_volume_1;ask_price_2;ask_volume_2;ask_price_3;ask_volume_3;mid_price;profit_and_loss
3;0;ORCHIDS;1090;8;1089;5;1082;49;1099;8;1100;5;1108;49;1094.5;0.0
3;0;CHOCOLATE;7750;136;;;;;7752;136;;;;;7751.0;0.0
3;0;GIFT_BASKET;69548;2;69547;15;69546;21;69559;2;69560;15;69561;21;69553.5;0.0
3;0;AMETHYSTS;9996;2;9995;26;;;10004;2;10005;26;;;10000.0;0.0
3;0;STARFRUIT;5002;1;5001;28;;;5008;28;;;;;5005.0;0.0
3;0;ROSES;14415;53;;;;;14416;53;;;;;14415.5;0.0
3;0;COCONUT;9990;136;9989;49;;;9992;185;;;;;9991.0;0.0
3;0;STRAWBERRIES;3984;272;;;;;3986;272;;;;;3985.0;0.0
3;0;COCONUT_COUPON;619;38;;;;;621;38;;;;;620.0;0.0
3;100;STRAWBERRIES;3984;155;;;;;3986;155;;;;;3985.0;0.0
3;100;ROSES;14418;20;14417;45;;;14419;65;;;;;14418.5;0.0
3;100;AMETHYSTS;9996;1;9995;25;;;9998;1;10002;8;10004;1;9997.0;0.0
3;100;STARFRUIT;5001;26;;;;;5008;26;;;;;5004.5;0.0
3;100;ORCHIDS;1091;10;1090;2;1083;53;1099;10;1100;2;1107;53;1095.0;0.0
3;100;COCONUT;9989;143;;;;;9991;101;9992;42;;;9990.0;0.0
3;100;CHOCOLATE;7751;48;7750;50;;;7752;98;;;;;7751.5;0.0
3;100;GIFT_BASKET;69551;1;69549;18;69548;20;69561;1;69562;18;69563;20;69556.0;0.0
3;100;COCONUT_COUPON;620;39;;;;;621;39;;;;;620.5;0.0
3;200;STARFRUIT;5001;21;;;;;5008;21;;;;;5004.5;0.0
3;200;COCONUT;9990;99;9989;67;;;9991;105;9992;67;;;9990.5;0.0
3;200;STRAWBERRIES;3984;236;;;;;3986;236;;;;;3985.0;0.0
3;200;ROSES;14420;71;;;;;14422;71;;;;;14421.0;0.0
3;200;COCONUT_COUPON;620;41;;;;;621;41;;;;;620.5;0.0
3;200;ORCHIDS;1090;5;1089;5;1082;41;1094;6;1098;5;1099;5;1092.0;0.0
3;200;CHOCOLATE;7751;108;;;;;7752;38;7753;70;;;7751.5;0.0
3;200;GIFT_BASKET;69557;15;69556;26;;;69569;15;69571;26;;;69563.0;0.0
3;200;AMETHYSTS;9995;21;;;;;10005;21;;;;;10000.0;0.0
3;300;CHOCOLATE;7750;119;;;;;7751;39;7752;80;;;7750.5;0.0
3;300;GIFT_BASKET;69546;1;69545;13;69544;27;69557;1;69558;13;69559;27;69551.5;0.0
3;300;COCONUT_COUPON;621;41;;;;;622;41;;;;;621.5;0.0
3;300;STRAWBERRIES;3984;189;;;;;3985;80;3986;109;;;3984.5;0.0
3;300;ROSES;14422;65;;;;;14424;65;;;;;14423.0;0.0
3;300;AMETHYSTS;9996;1;9995;26;;;10004;1;10005;26;;;10000.0;0.0
3;300;STARFRUIT;5002;1;5001;26;;;5008;27;;;;;5005.0;0.0
3;300;ORCHIDS;1090;6;1089;4;1082;45;1098;6;1099;4;1106;45;1094.0;0.0
3;300;COCONUT;9991;114;9990;42;;;9992;114;9993;42;;;9991.5;0.0
3;400;ORCHIDS;1090;10;1089;3;1082;56;1098;10;1099;3;1106;56;1094.0;0.0
3;400;CHOCOLATE;7749;129;;;;;7750;49;7751;80;;;7749.5;0.0
3;400;GIFT_BASKET;69541;18;69540;18;;;69554;18;69555;18;;;69547.5;0.0
3;400;AMETHYSTS;9995;28;;;;;10005;28;;;;;10000.0;0.0
3;400;STARFRUIT;5006;1;5000;28;;;5007;28;;;;;5006.5;0.0
3;400;COCONUT;9989;129;9988;71;;;9991;200;;;;;9990.0;0.0
3;400;STRAWBERRIES;3984;207;;;;;3986;207;;;;;3985.0;0.0
3;400;ROSES;14425;56;;;;;14427;56;;;;;14426.0;0.0
3;400;COCONUT_COUPON;621;36;;;;;622;36;;;;;621.5;0.0
3;500;STRAWBERRIES;3984;239;;;;;3985;75;3986;164;;;3984.5;0.0
3;500;ROSES;14425;70;;;;;14426;70;;;;;14425.5;0.0
3;500;AMETHYSTS;10002;6;9995;25;;;10005;25;;;;;10003.5;0.0
3;500;STARFRUIT;5000;25;;;;;5007;25;;;;;5003.5;0.0
3;500;ORCHIDS;1090;5;1089;3;1082;49;1098;5;1099;3;1106;49;1094.0;0.0
3;500;COCONUT;9988;107;9987;48;;;9989;107;9990;48;;;9988.5;0.0
3;500;CHOCOLATE;7749;106;;;;;7750;41;7751;75;;;7749.5;0.0
3;500;GIFT_BASKET;69539;19;69538;24;;;69552;19;69553;24;;;69545.5;0.0
3;500;COCONUT_COUPON;620;24;;;;;621;43;;;;;620.5;0.0
3;600;STARFRUIT;5000;30;;;;;5007;30;;;;;5003.5;0.0
3;600;COCONUT;9986;140;9985;72;;;9987;140;9988;72;;;9986.5;0.0
3;600;STRAWBERRIES;3984;228;;;;;3985;228;;;;;3984.5;0.0
3;600;ROSES;14424;77;;;;;14426;77;;;;;14425.0;0.0
3;600;COCONUT_COUPON;618;48;;;;;620;48;;;;;619.0;0.0
3;600;ORCHIDS;1090;10;1089;3;1082;58;1098;10;1099;3;1106;58;1094.0;0.0
3;600;CHOCOLATE;7750;54;7749;59;;;7751;113;;;;;7750.5;0.0
3;600;GIFT_BASKET;69543;8;69538;1;69537;19;69549;1;69550;19;69551;28;69546.0;0.0
3;600;AMETHYSTS;9996;1;9995;29;;;10004;1;10005;29;;;10000.0;0.0
3;700;CHOCOLATE;7750;34;7749;69;;;7751;39;7752;69;;;7750.5;0.0
3;700;GIFT_BASKET;69536;1;69535;11;69534;29;69547;1;69548;11;69549;29;69541.5;0.0
3;700;COCONUT_COUPON;618;41;;;;;619;41;;;;;618.5;0.0
3;700;STRAWBERRIES;3984;207;;;;;3985;69;3986;138;;;3984.5;0.0
3;700;ROSES;14423;75;;;;;14424;75;;;;;14423.5;0.0
3;700;AMETHYSTS;10002;4;9998;8;9996;1;10004;1;10005;20;;;10003.0;0.0
3;700;ORCHIDS;1092;9;1089;6;1088;5;1097;6;1098;5;1105;37;1094.5;0.0
3;700;COCONUT;9986;118;9985;45;;;9987;109;9988;45;;;9986.5;0.0
3;700;STARFRUIT;5000;21;;;;;5007;21;;;;;5003.5;0.0
3;800;AMETHYSTS;9995;22;;;;;10005;22;;;;;10000.0;0.0
3;800;ORCHIDS;1088;8;1087;4;1080;46;1096;8;1097;4;1104;46;1092.0;0.0
3;800;CHOCOLATE;7749;45;7748;89;;;7750;134;;;;;7749.5;0.0
3;800;GIFT_BASKET;69530;16;69529;29;;;69542;16;69543;29;;;69536.0;0.0
3;800;COCONUT;9985;174;;;;;9987;115;9988;58;;;9986.0;0.0
3;800;STARFRUIT;5000;22;;;;;5007;22;;;;;5003.5;0.0
3;800;STRAWBERRIES;3984;240;;;;;3985;240;;;;;3984.5;0.0
3;800;COCONUT_COUPON;618;45;;;;;619;45;;;;;618.5;0.0
3;800;ROSES;14426;29;14425;40;;;14427;69;;;;;14426.5;0.0
3;900;STRAWBERRIES;3983;182;;;;;3985;182;;;;;3984.0;0.0
3;900;ROSES;14427;45;;;;;14429;56;;;;;14428.0;0.0
3;900;AMETHYSTS;9996;1;9995;29;;;10004;1;10005;29;;;10000.0;0.0
3;900;ORCHIDS;1086;7;1085;4;1078;47;1094;7;1095;4;1102;47;1090.0;0.0
3;900;COCONUT;9985;128;9984;59;;;9986;128;9987;59;;;9985.5;0.0
3;900;STARFRUIT;5000;30;;;;;5006;1;5007;29;;;5003.0;0.0
3;900;COCONUT_COUPON;618;26;;;;;619;31;;;;;618.5;0.0
3;900;CHOCOLATE;7748;103;;;;;7750;103;;;;;7749.0;0.0
3;900;GIFT_BASKET;69521;1;69520;11;69519;19;69532;1;69533;11;69534;19;69526.5;0.0
3;1000;COCONUT;9985;165;;;;;9987;119;9988;46;;;9986.0;0.0
3;1000;STARFRUIT;5000;2;4999;20;;;5006;22;;;;;5003.0;0.0
3;1000;STRAWBERRIES;3983;290;;;;;3984;290;;;;;3983.5;0.0
3;1000;COCONUT_COUPON;618;28;;;;;619;28;;;;;618.5;0.0
3;1000;ROSES;14430;52;;;;;14432;52;;;;;14431.0;0.0
3;1000;AMETHYSTS;9996;2;9995;20;;;10002;7;10004;2;10005;20;9999.0;0.0
3;1000;ORCHIDS;1086;9;1085;5;1078;39;1094;9;1095;5;1102;39;1090.0;0.0
3;1000;CHOCOLATE;7748;153;;;;;7750;153;;;;;7749.0;0.0
3;1000;GIFT_BASKET;69512;2;69511;10;69510;16;69523;2;69524;10;69525;16;69517.5;0.0
3;1100;COCONUT_COUPON;617;48;;;;;618;48;;;;;617.5;0.0
3;1100;CHOCOLATE;7749;119;;;;;7751;119;;;;;7750.0;0.0
3;1100;GIFT_BASKET;69517;2;69516;17;69515;29;69527;2;69528;17;69529;29;69522.0;0.0
3;1100;STRAWBERRIES;3983;73;3982;118;;;3984;191;;;;;3983.5;0.0
3;1100;ROSES;14430;29;14429;45;;;14431;74;;;;;14430.5;0.0
3;1100;AMETHYSTS;9996;2;9995;25;;;10000;3;10004;2;10005;25;9998.0;0.0
3;1100;ORCHIDS;1087;5;1084;7;1083;5;1092;7;1093;5;1100;49;1089.5;0.0
3;1100;COCONUT;9986;154;9985;56;;;9987;149;9988;56;;;9986.5;0.0
3;1100;STARFRUIT;5000;26;;;;;5003;3;5007;27;;;5001.5;0.0
3;1200;AMETHYSTS;9998;6;9996;2;9995;27;10004;2;10005;27;;;10001.0;0.0
3;1200;CHOCOLATE;7750;59;7749;57;;;7751;116;;;;;7750.5;0.0
3;1200;GIFT_BASKET;69523;2;69522;11;69521;22;69534;2;69535;11;69536;22;69528.5;0.0
3;1200;COCONUT;9986;117;9985;47;;;9988;164;;;;;9987.0;0.0
3;1200;STARFRUIT;5000;29;;;;;5001;1;5007;29;;;5000.5;0.0
3;1200;STRAWBERRIES;3983;256;;;;;3984;256;;;;;3983.5;0.0
3;1200;COCONUT_COUPON;617;35;;;;;618;35;;;;;617.5;0.0
3;1200;ORCHIDS;1084;8;1083;2;1076;46;1092;8;1093;2;1100;46;1088.0;0.0
3;1200;ROSES;14429;65;;;;;14430;22;14431;43;;;14429.5;0.0
3;1300;STRAWBERRIES;3982;197;;;;;3983;12;3984;197;;;3982.5;0.0
3;1300;ROSES;14429;56;;;;;14431;56;;;;;14430.0;0.0
3;1300;AMETHYSTS;9996;2;9995;27;;;10004;2;10005;27;;;10000.0;0.0
3;1300;COCONUT;9984;136;9983;79;;;9985;130;9986;79;;;9984.5;0.0
3;1300;STARFRUIT;5000;29;;;;;5005;1;5007;29;;;5002.5;0.0
3;1300;GIFT_BASKET;69515;2;69514;14;69513;15;69526;2;69527;14;69528;15;69520.5;0.0
3;1300;COCONUT_COUPON;615;3;;;;;616;31;;;;;615.5;0.0
3;1300;CHOCOLATE;7750;42;7749;88;;;7751;130;;;;;7750.5;0.0
3;1300;ORCHIDS;1089;6;1085;8;1084;2;1093;8;1094;2;1101;49;1091.0;0.0
3;1400;COCONUT;9983;118;9982;72;;;9984;118;9985;72;;;9983.5;0.0
3;1400;STARFRUIT;5001;24;;;;;5006;6;5007;2;5008;22;5003.5;0.0
3;1400;COCONUT_COUPON;614;45;;;;;615;45;;;;;614.5;0.0
3;1400;ORCHIDS;1086;10;1085;2;1078;46;1094;10;1095;2;1102;46;1090.0;0.0
3;1400;ROSES;14430;61;;;;;14431;61;;;;;14430.5;0.0
3;1400;AMETHYSTS;9996;2;9995;22;;;10004;2;10005;22;;;10000.0;0.0
3;1400;STRAWBERRIES;3983;76;3982;164;;;3984;240;;;;;3983.5;0.0
3;1400;GIFT_BASKET;69525;2;69524;14;69523;29;69536;2;69537;14;69538;29;69530.5;0.0
3;1400;CHOCOLATE;7750;52;7749;76;;;7751;52;7752;76;;;7750.5;0.0
3;1500;GIFT_BASKET;69524;20;69523;18;;;69537;20;69538;18;;;69530.5;0.0
3;1500;COCONUT_COUPON;613;38;;;;;614;38;;;;;613.5;0.0
3;1500;ORCHIDS;1086;9;1085;2;1078;53;1094;9;1095;2;1102;53;1090.0;0.0
3;1500;STRAWBERRIES;3983;248;;;;;3984;248;;;;;3983.5;0.0
3;1500;ROSES;14429;61;;;;;14431;61;;;;;14430.0;0.0
3;1500;AMETHYSTS;9995;24;;;;;9998;5;10005;24;;;9996.5;0.0
3;1500;COCONUT;9982;198;;;;;9984;123;9985;75;;;9983.0;0.0
3;1500;STARFRUIT;5000;24;;;;;5005;5;5007;24;;;5002.5;0.0
3;1500;CHOCOLATE;7750;118;;;;;7751;63;7752;55;;;7750.5;0.0
3;1600;AMETHYSTS;9996;1;9995;22;;;10004;1;10005;22;;;10000.0;0.0
3;1600;STRAWBERRIES;3983;88;3982;156;;;3984;244;;;;;3983.5;0.0
3;1600;GIFT_BASKET;69519;1;69518;20;69517;27;69529;1;69530;20;69531;27;69524.0;0.0
3;1600;COCONUT;9983;123;9982;58;;;9984;129;9985;58;;;9983.5;0.0
3;1600;STARFRUIT;5000;23;;;;;5007;23;;;;;5003.5;0.0
3;1600;CHOCOLATE;7749;149;;;;;7750;61;7751;88;;;7749.5;0.0
3;1600;COCONUT_COUPON;613;48;;;;;615;48;;;;;614.0;0.0
3;1600;ORCHIDS;1086;5;1085;5;1078;47;1094;5;1095;5;1102;47;1090.0;0.0
3;1600;ROSES;14434;60;;;;;14435;60;;;;;14434.5;0.0
3;1700;ROSES;14435;20;14434;34;;;14436;54;;;;;14435.5;0.0
3;1700;AMETHYSTS;9995;23;;;;;9998;6;10002;7;10005;23;9996.5;0.0
3;1700;COCONUT;9983;171;;;;;9985;119;9986;52;;;9984.0;0.0
3;1700;STARFRUIT;4999;23;;;;;5006;23;;;;;5002.5;0.0
3;1700;CHOCOLATE;7749;142;;;;;7750;59;7751;83;;;7749.5;0.0
3;1700;GIFT_BASKET;69513;16;69512;20;;;69526;16;69527;20;;;69519.5;0.0
3;1700;COCONUT_COUPON;615;36;;;;;616;36;;;;;615.5;0.0
3;1700;ORCHIDS;1084;5;1083;3;1076;44;1092;5;1093;3;1100;44;1088.0;0.0
3;1700;STRAWBERRIES;3982;218;;;;;3984;218;;;;;3983.0;0.0
3;1800;COCONUT;9982;187;;;;;9984;115;9985;72;;;9983.0;0.0
3;1800;CHOCOLATE;7748;63;7747;53;;;7749;116;;;;;7748.5;0.0
3;1800;STARFRUIT;4999;30;;;;;5006;30;;;;;5002.5;0.0
3;1800;COCONUT_COUPON;615;34;;;;;616;34;;;;;615.5;0.0
3;1800;ORCHIDS;1086;10;1085;3;1078;55;1091;10;1094;10;1095;3;1088.5;0.0
3;1800;ROSES;14428;17;14427;41;;;14429;58;;;;;14428.5;0.0
3;1800;AMETHYSTS;10002;1;9998;9;9996;1;10004;1;10005;29;;;10003.0;0.0
3;1800;STRAWBERRIES;3982;249;;;;;3984;249;;;;;3983.0;0.0
3;1800;GIFT_BASKET;69497;1;69496;16;69495;17;69502;6;69508;1;69509;16;69499.5;0.0
3;1900;GIFT_BASKET;69502;15;69501;26;;;69515;15;69516;26;;;69508.5;0.0
3;1900;COCONUT_COUPON;616;41;;;;;617;41;;;;;616.5;0.0
3;1900;ORCHIDS;1086;7;1085;4;1078;48;1094;7;1095;4;1102;48;1090.0;0.0
3;1900;STRAWBERRIES;3982;262;;;;;3984;262;;;;;3983.0;0.0
3;1900;ROSES;14426;71;;;;;14428;71;;;;;14427.0;0.0
3;1900;COCONUT;9982;136;9981;44;;;9983;136;9984;44;;;9982.5;0.0
3;1900;AMETHYSTS;10002;1;9995;26;;;10005;26;;;;;10003.5;0.0
3;1900;CHOCOLATE;7750;147;;;;;7751;52;7752;95;;;7750.5;0.0
3;1900;STARFRUIT;5000;4;4999;26;;;5006;26;;;;;5003.0;0.0
3;2000;AMETHYSTS;10002;1;9996;2;9995;28;10004;2;10005;28;;;10003.0;0.0
3;2000;STRAWBERRIES;3982;195;;;;;3983;55;3984;140;;;3982.5;0.0
3;2000;GIFT_BASKET;69512;2;69511;19;69510;30;69523;2;69524;19;69525;30;69517.5;0.0
3;2000;COCONUT;9982;126;9981;67;;;9984;193;;;;;9983.0;0.0
3;2000;CHOCOLATE;7751;40;7750;55;;;7752;40;7753;55;;;7751.5;0.0
3;2000;STARFRUIT;4999;30;;;;;5006;30;;;;;5002.5;0.0
3;2000;COCONUT_COUPON;614;51;;;;;615;51;;;;;614.5;0.0
3;2000;ORCHIDS;1086;6;1085;3;1078;53;1094;6;1095;3;1102;53;1090.0;0.0
3;2000;ROSES;14427;65;;;;;14429;71;;;;;14428.0;0.0
3;2100;ROSES;14428;80;;;;;14429;30;14430;50;;;14428.5;0.0
3;2100;COCONUT;9983;118;9982;64;;;9985;182;;;;;9984.0;0.0
3;2100;AMETHYSTS;9996;2;9995;27;;;10004;2;10005;27;;;10000.0;0.0
3;2100;CHOCOLATE;7752;41;7751;94;;;7753;135;;;;;7752.5;0.0
3;2100;STARFRUIT;5000;29;;;;;5007;29;;;;;5003.5;0.0
3;2100;GIFT_BASKET;69509;2;69508;17;69507;30;69519;2;69520;17;69521;30;69514.0;0.0
3;2100;COCONUT_COUPON;615;49;;;;;616;49;;;;;615.5;0.0
3;2100;ORCHIDS;1085;10;1084;2;1077;54;1093;10;1094;2;1101;54;1089.0;0.0
3;2100;STRAWBERRIES;3982;248;;;;;3983;94;3984;154;;;3982.5;0.0
3;2200;COCONUT;9984;226;;;;;9986;147;9987;79;;;9985.0;0.0
3;2200;CHOCOLATE;7750;60;7749;85;;;7751;60;7752;85;;;7750.5;0.0
3;2200;STARFRUIT;5001;24;;;;;5008;24;;;;;5004.5;0.0
3;2200;COCONUT_COUPON;617;45;;;;;618;45;;;;;617.5;0.0
3;2200;ORCHIDS;1085;8;1084;4;1077;50;1093;8;1094;4;1101;50;1089.0;0.0
3;2200;ROSES;14428;75;;;;;14430;75;;;;;14429.0;0.0
3;2200;AMETHYSTS;9996;1;9995;23;;;10004;1;10005;23;;;10000.0;0.0
3;2200;STRAWBERRIES;3981;216;;;;;3983;216;;;;;3982.0;0.0
3;2200;GIFT_BASKET;69497;1;69496;19;69495;25;69508;1;69509;19;69510;25;69502.5;0.0
3;2300;GIFT_BASKET;69505;1;69504;10;69503;26;69516;1;69517;10;69518;26;69510.5;0.0
3;2300;COCONUT_COUPON;618;51;;;;;619;37;;;;;618.5;0.0
3;2300;ORCHIDS;1084;9;1083;3;1076;42;1092;9;1093;3;1100;42;1088.0;0.0
3;2300;STRAWBERRIES;3982;265;;;;;3983;265;;;;;3982.5;0.0
3;2300;ROSES;14428;64;;;;;14429;26;14430;38;;;14428.5;0.0
3;2300;COCONUT;9984;187;;;;;9986;108;9987;79;;;9985.0;0.0
3;2300;AMETHYSTS;9996;1;9995;23;;;10004;1;10005;23;;;10000.0;0.0
3;2300;CHOCOLATE;7750;137;;;;;7752;137;;;;;7751.0;0.0
3;2300;STARFRUIT;5001;1;5000;23;;;5007;24;;;;;5004.0;0.0
3;2400;AMETHYSTS;9996;1;9995;28;;;10004;1;10005;28;;;10000.0;0.0
3;2400;STRAWBERRIES;3982;212;;;;;3983;212;;;;;3982.5;0.0
3;2400;COCONUT;9985;103;9984;60;;;9986;103;9987;60;;;9985.5;0.0
3;2400;CHOCOLATE;7751;136;;;;;7752;56;7753;80;;;7751.5;0.0
3;2400;STARFRUIT;5001;1;5000;28;;;5007;29;;;;;5004.0;0.0
3;2400;GIFT_BASKET;69520;1;69519;18;69517;20;69530;1;69531;18;69532;20;69525.0;0.0
3;2400;ROSES;14433;62;;;;;14434;62;;;;;14433.5;0.0
3;2400;COCONUT_COUPON;619;39;;;;;620;39;;;;;619.5;0.0
3;2400;ORCHIDS;1084;7;1083;4;1076;53;1092;7;1093;4;1100;53;1088.0;0.0
3;2500;ROSES;14431;53;;;;;14432;53;;;;;14431.5;0.0
3;2500;COCONUT;9983;132;9982;43;;;9985;182;;;;;9984.0;0.0
3;2500;AMETHYSTS;9995;25;;;;;10005;25;;;;;10000.0;0.0
3;2500;CHOCOLATE;7750;46;7749;56;;;7751;46;7752;56;;;7750.5;0.0
3;2500;STARFRUIT;5000;25;;;;;5007;25;;;;;5003.5;0.0
3;2500;GIFT_BASKET;69511;10;69510;22;;;69523;10;69524;22;;;69517.0;0.0
3;2500;COCONUT_COUPON;618;32;;;;;619;32;;;;;618.5;0.0
3;2500;ORCHIDS;1083;6;1082;3;1075;41;1091;6;1092;3;1099;41;1087.0;0.0
3;2500;STRAWBERRIES;3982;199;;;;;3983;56;3984;143;;;3982.5;0.0
3;2600;COCONUT;9985;139;9984;75;;;9986;148;9987;75;;;9985.5;0.0
3;2600;STARFRUIT;5001;24;;;;;5008;24;;;;;5004.5;0.0
3;2600;CHOCOLATE;7749;48;7748;61;;;7750;109;;;;;7749.5;0.0
3;2600;GIFT_BASKET;69516;14;69515;15;;;69528;14;69529;15;;;69522.0;0.0
3;2600;ROSES;14433;64;;;;;14435;64;;;;;14434.0;0.0
3;2600;COCONUT_COUPON;619;29;;;;;620;29;;;;;619.5;0.0
3;2600;ORCHIDS;1084;7;1083;3;1076;45;1092;7;1093;3;1100;45;1088.0;0.0
3;2600;AMETHYSTS;9995;24;;;;;10002;9;10005;24;;;9998.5;0.0
3;2600;STRAWBERRIES;3982;166;;;;;3984;166;;;;;3983.0;0.0
3;2700;COCONUT_COUPON;615;32;;;;;616;32;;;;;615.5;0.0
3;2700;ORCHIDS;1084;10;1083;2;1076;53;1092;10;1093;2;1100;53;1088.0;0.0
3;2700;STRAWBERRIES;3983;187;;;;;3984;187;;;;;3983.5;0.0
3;2700;ROSES;14436;54;;;;;14437;15;14438;39;;;14436.5;0.0
3;2700;COCONUT;9984;134;9983;54;;;9986;181;;;;;9985.0;0.0
3;2700;AMETHYSTS;9995;26;;;;;10005;26;;;;;10000.0;0.0
3;2700;STARFRUIT;5001;26;;;;;5008;26;;;;;5004.5;0.0
3;2700;CHOCOLATE;7747;37;7746;70;;;7748;107;;;;;7747.5;0.0
3;2700;GIFT_BASKET;69502;17;69501;15;;;69515;17;69516;15;;;69508.5;0.0
3;2800;AMETHYSTS;9996;2;9995;21;;;10004;2;10005;21;;;10000.0;0.0
3;2800;STRAWBERRIES;3983;210;;;;;3984;210;;;;;3983.5;0.0
3;2800;COCONUT;9986;113;9985;56;;;9988;169;;;;;9987.0;0.0
3;2800;STARFRUIT;5001;23;;;;;5008;23;;;;;5004.5;0.0
3;2800;CHOCOLATE;7747;161;;;;;7748;63;7749;98;;;7747.5;0.0
3;2800;GIFT_BASKET;69511;2;69510;14;69509;16;69522;2;69523;14;69524;16;69516.5;0.0
3;2800;ROSES;14439;53;;;;;14440;16;14441;37;;;14439.5;0.0
3;2800;COCONUT_COUPON;618;32;;;;;619;32;;;;;618.5;0.0
3;2800;ORCHIDS;1083;5;1082;3;1075;40;1088;9;1091;5;1092;3;1085.5;0.0
3;2900;STARFRUIT;5001;29;;;;;5006;3;5008;29;;;5003.5;0.0
3;2900;ROSES;14446;16;14445;30;;;14447;46;;;;;14446.5;0.0
3;2900;COCONUT;9987;108;9986;73;;;9988;108;9989;73;;;9987.5;0.0
3;2900;AMETHYSTS;9996;2;9995;27;;;10004;2;10005;27;;;10000.0;0.0
3;2900;CHOCOLATE;7747;120;;;;;7749;120;;;;;7748.0;0.0
3;2900;GIFT_BASKET;69515;2;69514;11;69513;16;69526;2;69527;11;69528;16;69520.5;0.0
3;2900;COCONUT_COUPON;619;29;;;;;620;29;;;;;619.5;0.0
3;2900;ORCHIDS;1082;7;1081;2;1074;45;1090;7;1091;2;1098;45;1086.0;0.0
3;2900;STRAWBERRIES;3982;189;;;;;3984;189;;;;;3983.0;0.0
3;3000;COCONUT;9987;147;9986;78;;;9988;147;9989;78;;;9987.5;0.0
3;3000;COCONUT_COUPON;619;34;;;;;620;34;;;;;619.5;0.0
3;3000;CHOCOLATE;7748;114;;;;;7750;114;;;;;7749.0;0.0
3;3000;GIFT_BASKET;69518;1;69517;14;69516;19;69529;1;69530;14;69531;19;69523.5;0.0
3;3000;STARFRUIT;5002;1;5001;30;;;5008;31;;;;;5005.0;0.0
3;3000;ROSES;14444;19;14443;36;;;14445;55;;;;;14444.5;0.0
3;3000;ORCHIDS;1084;7;1083;5;1076;51;1092;7;1093;5;1100;51;1088.0;0.0
3;3000;AMETHYSTS;10002;1;9996;1;9995;30;10004;1;10005;30;;;10003.0;0.0
3;3000;STRAWBERRIES;3982;164;;;;;3983;51;3984;113;;;3982.5;0.0
3;3100;ORCHIDS;1083;6;1082;5;1075;44;1092;6;1093;5;1100;44;1087.5;0.0
3;3100;STRAWBERRIES;3982;233;;;;;3983;222;;;;;3982.5;0.0
3;3100;COCONUT_COUPON;619;35;;;;;620;35;;;;;619.5;0.0
3;3100;STARFRUIT;5002;28;;;;;5009;28;;;;;5005.5;0.0
3;3100;ROSES;14442;61;;;;;14443;25;14444;36;;;14442.5;0.0
3;3100;COCONUT;9986;210;;;;;9988;146;9989;64;;;9987.0;0.0
3;3100;AMETHYSTS;9995;28;;;;;10005;28;;;;;10000.0;0.0
3;3100;CHOCOLATE;7748;49;7747;94;;;7749;143;;;;;7748.5;0.0
3;3100;GIFT_BASKET;69510;10;69509;25;;;69522;10;69523;25;;;69516.0;0.0
3;3200;AMETHYSTS;9995;21;;;;;10005;21;;;;;10000.0;0.0
3;3200;STRAWBERRIES;3981;215;;;;;3983;203;;;;;3982.0;0.0
3;3200;COCONUT;9987;129;9986;48;;;9988;129;9989;48;;;9987.5;0.0
3;3200;COCONUT_COUPON;618;31;;;;;619;31;;;;;618.5;0.0
3;3200;CHOCOLATE;7747;128;;;;;7749;128;;;;;7748.0;0.0
3;3200;GIFT_BASKET;69507;15;69506;16;;;69520;15;69521;16;;;69513.5;0.0
3;3200;STARFRUIT;5008;1;5002;21;;;5009;21;;;;;5008.5;0.0
3;3200;ROSES;14444;16;14443;32;;;14445;48;;;;;14444.5;0.0
3;3200;ORCHIDS;1084;6;1083;5;1076;42;1092;6;1093;5;1100;42;1088.0;0.0
3;3300;STARFRUIT;5005;5;5003;6;5002;25;5008;2;5009;23;;;5006.5;0.0
3;3300;ROSES;14445;54;;;;;14447;54;;;;;14446.0;0.0
3;3300;COCONUT;9987;121;9986;47;;;9988;121;9989;47;;;9987.5;0.0
3;3300;AMETHYSTS;10000;5;9996;2;9995;23;10004;2;10005;23;;;10002.0;0.0
3;3300;CHOCOLATE;7747;135;;;;;7748;46;7749;89;;;7747.5;0.0
3;3300;GIFT_BASKET;69503;2;69502;18;69501;16;69508;8;69514;2;69515;18;69505.5;0.0
3;3300;ORCHIDS;1086;8;1085;4;1078;49;1094;8;1095;4;1102;49;1090.0;0.0
3;3300;STRAWBERRIES;3981;268;;;;;3983;268;;;;;3982.0;0.0
3;3300;COCONUT_COUPON;617;36;;;;;618;20;619;16;;;617.5;0.0
3;3400;COCONUT;9987;129;9986;61;;;9988;129;9989;61;;;9987.5;0.0
3;3400;COCONUT_COUPON;618;43;;;;;619;43;;;;;618.5;0.0
3;3400;CHOCOLATE;7747;157;;;;;7748;57;7749;100;;;7747.5;0.0
3;3400;GIFT_BASKET;69512;13;69511;30;;;69525;13;69526;30;;;69518.5;0.0
3;3400;STARFRUIT;5006;4;5001;30;;;5008;30;;;;;5007.0;0.0
3;3400;ORCHIDS;1085;8;1084;3;1077;51;1093;8;1094;3;1101;51;1089.0;0.0
3;3400;ROSES;14447;77;;;;;14449;77;;;;;14448.0;0.0
3;3400;AMETHYSTS;10002;1;9995;30;;;10005;30;;;;;10003.5;0.0
3;3400;STRAWBERRIES;3982;100;3981;150;;;3983;250;;;;;3982.5;0.0
3;3500;ORCHIDS;1085;7;1084;4;1077;50;1094;7;1095;4;1102;50;1089.5;0.0
3;3500;STRAWBERRIES;3981;197;;;;;3982;65;3983;132;;;3981.5;0.0
3;3500;COCONUT_COUPON;617;39;;;;;618;39;;;;;617.5;0.0
3;3500;STARFRUIT;5002;1;5001;30;;;5008;31;;;;;5005.0;0.0
3;3500;ROSES;14446;70;;;;;14447;70;;;;;14446.5;0.0
3;3500;COCONUT;9985;198;;;;;9987;132;9988;66;;;9986.0;0.0
3;3500;AMETHYSTS;9996;1;9995;30;;;10004;1;10005;30;;;10000.0;0.0
3;3500;GIFT_BASKET;69507;1;69506;13;69505;25;69518;1;69519;13;69520;25;69512.5;0.0
3;3500;CHOCOLATE;7746;115;;;;;7748;115;;;;;7747.0;0.0
3;3600;STRAWBERRIES;3981;212;;;;;3983;212;;;;;3982.0;0.0
3;3600;AMETHYSTS;10002;3;10000;3;9996;1;10004;1;10005;23;;;10003.0;0.0
3;3600;GIFT_BASKET;69500;1;69499;19;69498;22;69511;1;69512;19;69513;22;69505.5;0.0
3;3600;COCONUT_COUPON;618;42;;;;;619;42;;;;;618.5;0.0
3;3600;CHOCOLATE;7746;44;7745;89;;;7747;44;7748;89;;;7746.5;0.0
3;3600;STARFRUIT;5005;5;5004;3;5001;24;5006;1;5008;24;;;5005.5;0.0
3;3600;ORCHIDS;1086;7;1085;5;1078;49;1094;7;1095;5;1102;49;1090.0;0.0
3;3600;ROSES;14445;69;;;;;14446;22;14447;47;;;14445.5;0.0
3;3600;COCONUT;9986;142;9985;54;;;9987;142;9988;54;;;9986.5;0.0
3;3700;STARFRUIT;5001;10;5000;25;;;5007;27;;;;;5004.0;0.0
3;3700;ROSES;14450;69;;;;;14451;69;;;;;14450.5;0.0
3;3700;COCONUT;9985;198;;;;;9987;142;9988;56;;;9986.0;0.0
3;3700;CHOCOLATE;7745;91;;;;;7747;91;;;;;7746.0;0.0
3;3700;AMETHYSTS;9996;2;9995;25;;;10004;2;10005;25;;;10000.0;0.0
3;3700;GIFT_BASKET;69512;2;69511;18;69510;19;69523;2;69524;18;69525;19;69517.5;0.0
3;3700;ORCHIDS;1086;7;1085;3;1078;50;1094;7;1095;3;1102;50;1090.0;0.0
3;3700;STRAWBERRIES;3981;245;;;;;3983;245;;;;;3982.0;0.0
3;3700;COCONUT_COUPON;617;20;616;19;;;618;39;;;;;617.5;0.0
3;3800;CHOCOLATE;7744;58;7743;84;;;7745;54;7746;84;;;7744.5;0.0
3;3800;GIFT_BASKET;69508;12;69507;19;;;69521;12;69522;19;;;69514.5;0.0
3;3800;COCONUT_COUPON;615;31;;;;;616;31;;;;;615.5;0.0
3;3800;STARFRUIT;5000;20;;;;;5007;20;;;;;5003.5;0.0
3;3800;ORCHIDS;1084;9;1083;3;1076;41;1092;9;1093;3;1100;41;1088.0;0.0
3;3800;ROSES;14452;51;;;;;14453;19;14454;32;;;14452.5;0.0
3;3800;COCONUT;9985;6;9984;209;;;9986;144;9987;65;;;9985.5;0.0
3;3800;STRAWBERRIES;3982;84;3981;186;;;3983;270;;;;;3982.5;0.0
3;3800;AMETHYSTS;10002;1;9995;20;;;10005;20;;;;;10003.5;0.0
3;3900;ORCHIDS;1085;9;1084;5;1077;52;1093;9;1094;5;1101;52;1089.0;0.0
3;3900;STRAWBERRIES;3982;57;3981;178;;;3983;235;;;;;3982.5;0.0
3;3900;COCONUT_COUPON;613;45;;;;;614;45;;;;;613.5;0.0
3;3900;STARFRUIT;5000;24;;;;;5007;24;;;;;5003.5;0.0
3;3900;ROSES;14454;56;;;;;14456;56;;;;;14455.0;0.0
3;3900;COCONUT;9984;142;9983;65;;;9985;142;9986;65;;;9984.5;0.0
3;3900;CHOCOLATE;7743;45;7742;57;;;7744;45;7745;57;;;7743.5;0.0
3;3900;AMETHYSTS;9996;1;9995;23;;;9998;1;10002;10;10004;1;9997.0;0.0
3;3900;GIFT_BASKET;69502;1;69501;20;69500;24;69513;1;69514;20;69515;24;69507.5;0.0
3;4000;STRAWBERRIES;3982;100;3981;122;;;3983;222;;;;;3982.5;0.0
3;4000;AMETHYSTS;9995;20;;;;;10005;20;;;;;10000.0;0.0
3;4000;CHOCOLATE;7743;40;7742;100;;;7744;40;7745;100;;;7743.5;0.0
3;4000;GIFT_BASKET;69504;16;69503;26;;;69517;16;69518;26;;;69510.5;0.0
3;4000;COCONUT_COUPON;612;42;;;;;613;42;;;;;612.5;0.0
3;4000;ORCHIDS;1083;6;1082;4;1075;42;1091;6;1092;4;1099;42;1087.0;0.0
3;4000;STARFRUIT;5000;20;;;;;5007;20;;;;;5003.5;0.0
3;4000;ROSES;14457;62;;;;;14458;26;14459;36;;;14457.5;0.0
3;4000;COCONUT;9983;118;9982;62;;;9984;118;9985;62;;;9983.5;0.0
3;4100;STARFRUIT;5001;21;;;;;5006;3;5007;1;5008;20;5003.5;0.0
3;4100;ROSES;14462;66;;;;;14464;66;;;;;14463.0;0.0
3;4100;COCONUT;9983;188;;;;;9985;132;9986;56;;;9984.0;0.0
3;4100;CHOCOLATE;7743;64;7742;94;;;7744;158;;;;;7743.5;0.0
3;4100;GIFT_BASKET;69504;1;69503;16;69502;28;69514;1;69515;16;69516;28;69509.0;0.0
3;4100;AMETHYSTS;9996;1;9995;20;;;10004;1;10005;20;;;10000.0;0.0
3;4100;ORCHIDS;1081;9;1080;2;1073;45;1089;9;1090;2;1097;45;1085.0;0.0
3;4100;STRAWBERRIES;3982;94;3981;199;;;3983;293;;;;;3982.5;0.0
3;4100;COCONUT_COUPON;612;45;;;;;613;45;;;;;612.5;0.0
3;4200;CHOCOLATE;7743;52;7742;92;;;7744;52;7745;92;;;7743.5;0.0
3;4200;GIFT_BASKET;69505;15;69504;23;;;69517;2;69518;15;69519;23;69511.0;0.0
3;4200;COCONUT_COUPON;610;40;;;;;612;40;;;;;611.0;0.0
3;4200;ORCHIDS;1081;7;1080;4;1073;51;1089;7;1090;4;1097;51;1085.0;0.0
3;4200;STARFRUIT;5001;31;;;;;5007;2;5008;29;;;5004.0;0.0
3;4200;ROSES;14462;73;;;;;14464;73;;;;;14463.0;0.0
3;4200;COCONUT;9983;145;9982;57;;;9984;145;9985;57;;;9983.5;0.0
3;4200;STRAWBERRIES;3982;214;;;;;3983;214;;;;;3982.5;0.0
3;4200;AMETHYSTS;9996;2;9995;29;;;10004;2;10005;29;;;10000.0;0.0
3;4300;ORCHIDS;1081;9;1080;4;1073;46;1089;9;1090;4;1097;46;1085.0;0.0
3;4300;STRAWBERRIES;3982;52;3981;111;;;3983;163;;;;;3982.5;0.0
3;4300;COCONUT_COUPON;609;37;;;;;610;37;;;;;609.5;0.0
3;4300;STARFRUIT;5001;27;;;;;5002;5;5008;27;;;5001.5;0.0
3;4300;ROSES;14464;27;14463;43;;;14465;70;;;;;14464.5;0.0
3;4300;COCONUT;9983;148;9982;68;;;9985;216;;;;;9984.0;0.0
3;4300;CHOCOLATE;7744;41;7743;52;;;7745;41;7746;52;;;7744.5;0.0
3;4300;GIFT_BASKET;69513;10;69512;27;;;69526;10;69527;27;;;69519.5;0.0
3;4300;AMETHYSTS;9995;27;;;;;10002;8;10005;27;;;9998.5;0.0
3;4400;STRAWBERRIES;3982;282;;;;;3983;282;;;;;3982.5;0.0
3;4400;AMETHYSTS;9995;20;;;;;10005;20;;;;;10000.0;0.0
3;4400;CHOCOLATE;7744;41;7743;86;;;7745;127;;;;;7744.5;0.0
3;4400;GIFT_BASKET;69506;12;69505;15;;;69519;12;69520;15;;;69512.5;0.0
3;4400;COCONUT_COUPON;610;27;;;;;612;27;;;;;611.0;0.0
3;4400;ORCHIDS;1081;7;1080;2;1073;39;1089;7;1090;2;1097;39;1085.0;0.0
3;4400;STARFRUIT;5001;20;;;;;5008;20;;;;;5004.5;0.0
3;4400;ROSES;14460;15;14459;38;;;14461;53;;;;;14460.5;0.0
3;4400;COCONUT;9983;170;;;;;9985;118;9986;52;;;9984.0;0.0
3;4500;STARFRUIT;5001;25;;;;;5002;1;5008;25;;;5001.5;0.0
3;4500;COCONUT;9982;213;;;;;9984;143;9985;70;;;9983.0;0.0
3;4500;CHOCOLATE;7743;117;;;;;7745;117;;;;;7744.0;0.0
3;4500;GIFT_BASKET;69508;1;69507;20;69506;29;69519;1;69520;20;69521;29;69513.5;0.0
3;4500;AMETHYSTS;9996;1;9995;24;;;10004;1;10005;24;;;10000.0;0.0
3;4500;ORCHIDS;1082;6;1081;3;1074;50;1090;6;1091;3;1098;50;1086.0;0.0
3;4500;STRAWBERRIES;3982;170;;;;;3984;179;;;;;3983.0;0.0
3;4500;ROSES;14459;64;;;;;14460;29;14461;35;;;14459.5;0.0
3;4500;COCONUT_COUPON;612;50;;;;;613;50;;;;;612.5;0.0
3;4600;CHOCOLATE;7743;111;;;;;7745;111;;;;;7744.0;0.0
3;4600;GIFT_BASKET;69506;2;69505;14;69504;20;69517;2;69518;14;69519;20;69511.5;0.0
3;4600;COCONUT_COUPON;611;36;;;;;612;36;;;;;611.5;0.0
3;4600;STARFRUIT;5002;2;5001;23;;;5008;25;;;;;5005.0;0.0
3;4600;ORCHIDS;1083;5;1082;3;1075;42;1091;5;1092;3;1099;42;1087.0;0.0
3;4600;COCONUT;9981;156;9980;40;;;9982;150;9983;40;;;9981.5;0.0
3;4600;STRAWBERRIES;3982;224;;;;;3984;224;;;;;3983.0;0.0
3;4600;ROSES;14460;58;;;;;14462;58;;;;;14461.0;0.0
3;4600;AMETHYSTS;9996;2;9995;23;;;10002;9;10004;2;10005;23;9999.0;0.0
3;4700;ORCHIDS;1083;6;1082;2;1075;48;1091;6;1092;2;1099;48;1087.0;0.0
3;4700;STRAWBERRIES;3982;277;;;;;3984;277;;;;;3983.0;0.0
3;4700;ROSES;14463;21;14462;43;;;14464;64;;;;;14463.5;0.0
3;4700;COCONUT_COUPON;612;40;;;;;613;40;;;;;612.5;0.0
3;4700;STARFRUIT;5002;2;5001;25;;;5008;27;;;;;5005.0;0.0
3;4700;COCONUT;9981;172;;;;;9983;108;9984;64;;;9982.0;0.0
3;4700;CHOCOLATE;7744;131;;;;;7745;38;7746;93;;;7744.5;0.0
3;4700;GIFT_BASKET;69509;2;69508;17;69507;21;69520;2;69521;17;69522;21;69514.5;0.0
3;4700;AMETHYSTS;9998;2;9996;2;9995;25;10004;2;10005;25;;;10001.0;0.0
3;4800;STRAWBERRIES;3982;233;;;;;3984;233;;;;;3983.0;0.0
3;4800;ROSES;14461;64;;;;;14462;64;;;;;14461.5;0.0
3;4800;AMETHYSTS;9996;1;9995;29;;;10004;1;10005;29;;;10000.0;0.0
3;4800;CHOCOLATE;7745;46;7744;55;;;7746;46;7747;55;;;7745.5;0.0
3;4800;GIFT_BASKET;69516;1;69515;18;69514;20;69527;1;69528;18;69529;20;69521.5;0.0
3;4800;COCONUT_COUPON;610;39;;;;;611;39;;;;;610.5;0.0
3;4800;STARFRUIT;5002;30;;;;;5008;1;5009;29;;;5005.0;0.0
3;4800;ORCHIDS;1084;7;1083;5;1076;54;1092;7;1093;5;1100;54;1088.0;0.0
3;4800;COCONUT;9979;138;9978;54;;;9980;138;9981;54;;;9979.5;0.0
3;4900;STARFRUIT;5003;6;5002;27;;;5009;27;;;;;5006.0;0.0
3;4900;COCONUT;9978;155;;;;;9980;108;9981;47;;;9979.0;0.0
3;4900;CHOCOLATE;7745;49;7744;53;;;7746;102;;;;;7745.5;0.0
3;4900;GIFT_BASKET;69513;13;69512;24;;;69526;13;69527;24;;;69519.5;0.0
3;4900;AMETHYSTS;9995;27;;;;;10002;7;10005;27;;;9998.5;0.0
3;4900;ORCHIDS;1083;8;1082;4;1075;48;1091;8;1092;4;1099;48;1087.0;0.0
3;4900;STRAWBERRIES;3983;161;;;;;3984;161;;;;;3983.5;0.0
3;4900;ROSES;14458;24;14457;37;;;14459;61;;;;;14458.5;0.0
3;4900;COCONUT_COUPON;610;49;;;;;611;37;;;;;610.5;0.0
3;5000;CHOCOLATE;7746;129;;;;;7747;48;7748;81;;;7746.5;0.0
3;5000;GIFT_BASKET;69516;2;69515;18;69514;24;69521;8;69527;2;69528;18;69518.5;0.0
3;5000;COCONUT_COUPON;610;44;;;;;611;44;;;;;610.5;0.0
3;5000;STARFRUIT;5002;22;;;;;5009;22;;;;;5005.5;0.0
3;5000;ORCHIDS;1083;5;1082;3;1075;43;1091;5;1092;3;1099;43;1087.0;0.0
3;5000;COCONUT;9980;147;9979;43;;;9981;137;9982;43;;;9980.5;0.0
3;5000;STRAWBERRIES;3983;242;;;;;3984;242;;;;;3983.5;0.0
3;5000;ROSES;14456;24;14455;39;;;14457;63;;;;;14456.5;0.0
3;5000;AMETHYSTS;10002;2;9998;9;9996;2;10004;2;10005;20;;;10003.0;0.0
3;5100;ORCHIDS;1084;6;1083;3;1076;46;1092;6;1093;3;1100;46;1088.0;0.0
3;5100;STRAWBERRIES;3983;88;3982;130;;;3984;218;;;;;3983.5;0.0
3;5100;ROSES;14450;61;;;;;14452;61;;;;;14451.0;0.0
3;5100;COCONUT_COUPON;610;68;;;;;611;50;;;;;610.5;0.0
3;5100;COCONUT;9980;109;9979;51;;;9982;160;;;;;9981.0;0.0
3;5100;STARFRUIT;5002;22;;;;;5008;2;5009;20;;;5005.0;0.0
3;5100;CHOCOLATE;7746;65;7745;88;;;7747;153;;;;;7746.5;0.0
3;5100;GIFT_BASKET;69508;2;69507;20;69506;28;69519;2;69520;20;69521;28;69513.5;0.0
3;5100;AMETHYSTS;9996;2;9995;20;;;9998;1;10002;2;10004;2;9997.0;0.0
3;5200;STRAWBERRIES;3982;230;;;;;3984;230;;;;;3983.0;0.0
3;5200;ROSES;14448;28;14447;40;;;14449;68;;;;;14448.5;0.0
3;5200;COCONUT_COUPON;608;40;;;;;609;40;;;;;608.5;0.0
3;5200;CHOCOLATE;7745;57;7744;68;;;7746;57;7747;68;;;7745.5;0.0
3;5200;GIFT_BASKET;69499;2;69498;10;69497;28;69509;2;69510;10;69512;28;69504.0;0.0
3;5200;AMETHYSTS;9996;2;9995;27;;;10004;2;10005;27;;;10000.0;0.0
3;5200;ORCHIDS;1082;5;1081;5;1074;42;1090;5;1091;5;1098;42;1086.0;0.0
3;5200;COCONUT;9978;147;;;;;9980;101;9981;46;;;9979.0;0.0
3;5200;STARFRUIT;5002;9;5001;27;;;5008;29;;;;;5005.0;0.0
3;5300;COCONUT;9978;124;9977;51;;;9979;124;9980;51;;;9978.5;0.0
3;5300;STARFRUIT;5002;24;;;;;5009;24;;;;;5005.5;0.0
3;5300;CHOCOLATE;7746;120;;;;;7747;36;7748;84;;;7746.5;0.0
3;5300;GIFT_BASKET;69495;13;69494;20;;;69508;13;69509;20;;;69501.5;0.0
3;5300;AMETHYSTS;9995;24;;;;;10005;24;;;;;10000.0;0.0
3;5300;ORCHIDS;1082;5;1081;3;1074;42;1090;5;1091;3;1098;42;1086.0;0.0
3;5300;STRAWBERRIES;3982;243;;;;;3983;243;;;;;3982.5;0.0
3;5300;COCONUT_COUPON;606;33;;;;;607;33;;;;;606.5;0.0
3;5300;ROSES;14448;20;14447;50;;;14449;70;;;;;14448.5;0.0
3;5400;COCONUT_COUPON;607;31;;;;;608;31;;;;;607.5;0.0
3;5400;CHOCOLATE;7745;104;;;;;7747;104;;;;;7746.0;0.0
3;5400;GIFT_BASKET;69488;1;69487;11;69486;19;69499;1;69500;11;69501;19;69493.5;0.0
3;5400;AMETHYSTS;10002;1;9996;1;9995;20;10004;1;10005;20;;;10003.0;0.0
3;5400;ORCHIDS;1083;9;1082;2;1075;40;1091;9;1092;2;1099;40;1087.0;0.0
3;5400;COCONUT;9979;186;;;;;9981;129;9982;57;;;9980.0;0.0
3;5400;STARFRUIT;5003;1;5002;21;;;5009;21;;;;;5006.0;0.0
3;5400;STRAWBERRIES;3982;215;;;;;3983;215;;;;;3982.5;0.0
3;5400;ROSES;14449;63;;;;;14451;63;;;;;14450.0;0.0
3;5500;AMETHYSTS;10002;1;9996;2;9995;29;10004;2;10005;29;;;10003.0;0.0
3;5500;ORCHIDS;1083;6;1082;5;1075;54;1091;6;1092;5;1099;54;1087.0;0.0
3;5500;STRAWBERRIES;3982;199;;;;;3983;199;;;;;3982.5;0.0
3;5500;COCONUT_COUPON;609;36;;;;;610;36;;;;;609.5;0.0
3;5500;ROSES;14454;15;14453;36;;;14455;51;;;;;14454.5;0.0
3;5500;COCONUT;9981;136;9980;58;;;9982;136;9983;58;;;9981.5;0.0
3;5500;STARFRUIT;5002;31;;;;;5009;31;;;;;5005.5;0.0
3;5500;CHOCOLATE;7745;133;;;;;7747;133;;;;;7746.0;0.0
3;5500;GIFT_BASKET;69506;7;69501;2;69500;19;69512;2;69513;19;69514;15;69509.0;0.0
3;5600;STRAWBERRIES;3983;211;;;;;3984;217;;;;;3983.5;0.0
3;5600;ROSES;14454;60;;;;;14456;60;;;;;14455.0;0.0
3;5600;COCONUT_COUPON;611;13;610;16;;;612;29;;;;;611.5;0.0
3;5600;CHOCOLATE;7745;116;;;;;7747;116;;;;;7746.0;0.0
3;5600;GIFT_BASKET;69510;1;69509;12;69508;16;69521;1;69522;12;69523;16;69515.5;0.0
3;5600;AMETHYSTS;9996;1;9995;27;;;10002;9;10004;1;10005;27;9999.0;0.0
3;5600;ORCHIDS;1081;5;1080;5;1073;44;1089;5;1090;5;1097;44;1085.0;0.0
3;5600;COCONUT;9982;147;9981;44;;;9983;147;9984;44;;;9982.5;0.0
3;5600;STARFRUIT;5002;28;;;;;5007;7;5009;28;;;5004.5;0.0
3;5700;COCONUT;9981;106;9980;71;;;9982;106;9983;71;;;9981.5;0.0
3;5700;STARFRUIT;5002;20;;;;;5009;21;;;;;5005.5;0.0
3;5700;GIFT_BASKET;69504;11;69503;20;;;69510;4;69517;11;69518;20;69507.0;0.0
3;5700;CHOCOLATE;7745;133;;;;;7746;45;7747;88;;;7745.5;0.0
3;5700;AMETHYSTS;9995;21;;;;;10005;21;;;;;10000.0;0.0
3;5700;STRAWBERRIES;3983;240;;;;;3984;240;;;;;3983.5;0.0
3;5700;COCONUT_COUPON;610;31;;;;;611;31;;;;;610.5;0.0
3;5700;ORCHIDS;1081;5;1080;2;1073;37;1089;5;1090;2;1097;37;1085.0;0.0
3;5700;ROSES;14453;20;14452;45;;;14454;65;;;;;14453.5;0.0
3;5800;GIFT_BASKET;69515;1;69514;16;69513;18;69526;1;69527;16;69528;18;69520.5;0.0
3;5800;COCONUT_COUPON;609;35;;;;;610;35;;;;;609.5;0.0
3;5800;CHOCOLATE;7746;49;7745;95;;;7747;144;;;;;7746.5;0.0
3;5800;ORCHIDS;1081;6;1080;4;1073;51;1089;6;1090;4;1097;51;1085.0;0.0
3;5800;AMETHYSTS;9996;1;9995;29;;;9998;1;10004;1;10005;29;9997.0;0.0
3;5800;COCONUT;9979;117;9978;72;;;9981;189;;;;;9980.0;0.0
3;5800;STARFRUIT;5002;30;;;;;5007;1;5009;30;;;5004.5;0.0
3;5800;ROSES;14454;18;14453;35;;;14455;53;;;;;14454.5;0.0
3;5800;STRAWBERRIES;3984;11;3983;256;;;3985;256;;;;;3984.5;0.0
3;5900;AMETHYSTS;9998;6;9996;1;9995;23;10004;1;10005;23;;;10001.0;0.0
3;5900;STRAWBERRIES;3984;66;3983;164;;;3985;230;;;;;3984.5;0.0
3;5900;COCONUT_COUPON;608;48;;;;;609;42;;;;;608.5;0.0
3;5900;ORCHIDS;1079;7;1078;5;1071;49;1087;7;1088;5;1095;49;1083.0;0.0
3;5900;ROSES;14453;56;;;;;14454;56;;;;;14453.5;0.0
3;5900;COCONUT;9978;174;;;;;9980;122;9981;53;;;9979.0;0.0
3;5900;STARFRUIT;5002;23;;;;;5008;1;5009;23;;;5005.0;0.0
3;5900;CHOCOLATE;7747;35;7746;66;;;7748;101;;;;;7747.5;0.0
3;5900;GIFT_BASKET;69517;1;69516;19;69515;22;69527;1;69529;19;69530;22;69522.0;0.0
3;6000;ROSES;14456;49;;;;;14457;19;14458;30;;;14456.5;0.0
3;6000;STRAWBERRIES;3983;215;;;;;3985;215;;;;;3984.0;0.0
3;6000;GIFT_BASKET;69532;2;69527;1;69526;18;69538;1;69539;18;69540;19;69535.0;0.0
3;6000;COCONUT_COUPON;608;38;;;;;609;38;;;;;608.5;0.0
3;6000;ORCHIDS;1079;6;1078;5;1071;44;1087;6;1088;5;1095;44;1083.0;0.0
3;6000;AMETHYSTS;9996;1;9995;20;;;10004;1;10005;20;;;10000.0;0.0
3;6000;COCONUT;9979;145;9978;41;;;9980;145;9981;41;;;9979.5;0.0
3;6000;STARFRUIT;5003;6;5002;21;;;5008;1;5009;20;;;5005.5;0.0
3;6000;CHOCOLATE;7746;109;;;;;7748;109;;;;;7747.0;0.0
3;6100;COCONUT;9980;129;9979;65;;;9981;129;9982;65;;;9980.5;0.0
3;6100;STARFRUIT;5002;29;;;;;5009;29;;;;;5005.5;0.0
3;6100;CHOCOLATE;7745;48;7744;62;;;7746;110;;;;;7745.5;0.0
3;6100;GIFT_BASKET;69536;13;69535;20;;;69548;13;69549;20;;;69542.0;0.0
3;6100;AMETHYSTS;9995;29;;;;;10005;29;;;;;10000.0;0.0
3;6100;STRAWBERRIES;3984;226;;;;;3985;226;;;;;3984.5;0.0
3;6100;COCONUT_COUPON;608;33;;;;;609;33;;;;;608.5;0.0
3;6100;ORCHIDS;1079;6;1078;2;1071;48;1087;6;1088;2;1095;48;1083.0;0.0
3;6100;ROSES;14459;59;;;;;14461;59;;;;;14460.0;0.0
3;6200;GIFT_BASKET;69535;10;69534;22;;;69548;10;69549;22;;;69541.5;0.0
3;6200;COCONUT_COUPON;608;10;607;32;;;609;32;;;;;608.5;0.0
3;6200;ORCHIDS;1078;10;1077;5;1070;46;1086;10;1087;5;1094;46;1082.0;0.0
3;6200;AMETHYSTS;9995;26;;;;;10005;26;;;;;10000.0;0.0
3;6200;COCONUT;9982;182;;;;;9983;8;9984;121;9985;61;9982.5;0.0
3;6200;CHOCOLATE;7745;41;7744;58;;;7746;99;;;;;7745.5;0.0
3;6200;STARFRUIT;5002;26;;;;;5009;26;;;;;5005.5;0.0
3;6200;ROSES;14455;69;;;;;14456;22;14457;47;;;14455.5;0.0
3;6200;STRAWBERRIES;3983;255;;;;;3985;255;;;;;3984.0;0.0
3;6300;AMETHYSTS;9995;21;;;;;10005;21;;;;;10000.0;0.0
3;6300;STRAWBERRIES;3983;248;;;;;3985;248;;;;;3984.0;0.0
3;6300;COCONUT_COUPON;607;41;;;;;608;41;;;;;607.5;0.0
3;6300;ORCHIDS;1077;8;1076;3;1069;43;1085;8;1086;3;1093;43;1081.0;0.0
3;6300;ROSES;14455;27;14454;35;;;14456;62;;;;;14455.5;0.0
3;6300;COCONUT;9981;174;;;;;9983;101;9984;73;;;9982.0;0.0
3;6300;CHOCOLATE;7744;114;;;;;7746;114;;;;;7745.0;0.0
3;6300;STARFRUIT;5003;21;;;;;5010;21;;;;;5006.5;0.0
3;6300;GIFT_BASKET;69523;14;69522;27;;;69524;3;69536;14;69537;27;69523.5;0.0
3;6400;ROSES;14461;23;14460;32;;;14462;55;;;;;14461.5;0.0
3;6400;STRAWBERRIES;3983;255;;;;;3985;255;;;;;3984.0;0.0
3;6400;GIFT_BASKET;69533;1;69532;15;69530;23;69543;1;69544;15;69545;23;69538.0;0.0
3;6400;COCONUT_COUPON;608;24;;;;;609;39;;;;;608.5;0.0
3;6400;ORCHIDS;1076;9;1075;3;1068;46;1084;9;1085;3;1092;46;1080.0;0.0
3;6400;COCONUT;9982;185;;;;;9984;142;9985;43;;;9983.0;0.0
3;6400;AMETHYSTS;9996;1;9995;22;;;10004;1;10005;22;;;10000.0;0.0
3;6400;CHOCOLATE;7744;105;;;;;7746;105;;;;;7745.0;0.0
3;6400;STARFRUIT;5004;1;5003;22;;;5010;23;;;;;5007.0;0.0
3;6500;COCONUT;9982;105;9981;50;;;9983;115;9984;50;;;9982.5;0.0
3;6500;CHOCOLATE;7745;129;;;;;7747;129;;;;;7746.0;0.0
3;6500;STARFRUIT;5003;21;;;;;5010;21;;;;;5006.5;0.0
3;6500;GIFT_BASKET;69531;12;69530;22;;;69544;12;69545;22;;;69537.5;0.0
3;6500;AMETHYSTS;9995;21;;;;;10005;21;;;;;10000.0;0.0
3;6500;STRAWBERRIES;3984;209;;;;;3985;209;;;;;3984.5;0.0
3;6500;COCONUT_COUPON;607;34;;;;;608;34;;;;;607.5;0.0
3;6500;ORCHIDS;1075;6;1074;2;1067;39;1083;6;1084;2;1091;39;1079.0;0.0
3;6500;ROSES;14464;64;;;;;14466;64;;;;;14465.0;0.0
3;6600;GIFT_BASKET;69542;1;69536;16;69535;26;69549;16;69550;26;;;69545.5;0.0
3;6600;COCONUT_COUPON;606;42;;;;;607;42;;;;;606.5;0.0
3;6600;ORCHIDS;1075;9;1074;2;1067;53;1083;9;1084;2;1091;53;1079.0;0.0
3;6600;COCONUT;9979;169;;;;;9981;169;;;;;9980.0;0.0
3;6600;AMETHYSTS;9995;28;;;;;10005;28;;;;;10000.0;0.0
3;6600;CHOCOLATE;7745;119;;;;;7747;119;;;;;7746.0;0.0
3;6600;STARFRUIT;5004;7;5003;28;;;5010;28;;;;;5007.0;0.0
3;6600;ROSES;14464;76;;;;;14465;26;14466;50;;;14464.5;0.0
3;6600;STRAWBERRIES;3983;176;;;;;3985;176;;;;;3984.0;0.0
3;6700;AMETHYSTS;9995;28;;;;;10005;28;;;;;10000.0;0.0
3;6700;STRAWBERRIES;3983;227;;;;;3985;227;;;;;3984.0;0.0
3;6700;ROSES;14456;57;;;;;14457;57;;;;;14456.5;0.0
3;6700;COCONUT_COUPON;605;36;;;;;606;36;;;;;605.5;0.0
3;6700;ORCHIDS;1076;6;1075;3;1068;46;1084;6;1085;3;1092;46;1080.0;0.0
3;6700;COCONUT;9979;144;9978;69;;;9981;213;;;;;9980.0;0.0
3;6700;CHOCOLATE;7746;39;7745;90;;;7747;39;7748;90;;;7746.5;0.0
3;6700;STARFRUIT;5004;28;;;;;5011;28;;;;;5007.5;0.0
3;6700;GIFT_BASKET;69525;12;69524;24;;;69538;12;69539;24;;;69531.5;0.0
3;6800;ROSES;14458;53;;;;;14459;16;14460;37;;;14458.5;0.0
3;6800;STRAWBERRIES;3983;217;;;;;3985;217;;;;;3984.0;0.0
3;6800;GIFT_BASKET;69534;13;69533;16;;;69547;13;69548;16;;;69540.5;0.0
3;6800;COCONUT_COUPON;604;29;;;;;605;29;;;;;604.5;0.0
3;6800;ORCHIDS;1076;6;1075;2;1068;48;1084;6;1085;2;1092;48;1080.0;0.0
3;6800;COCONUT;9980;140;9979;65;;;9981;140;9982;65;;;9980.5;0.0
3;6800;AMETHYSTS;9995;29;;;;;10002;3;10005;29;;;9998.5;0.0
3;6800;CHOCOLATE;7747;131;;;;;7748;46;7749;85;;;7747.5;0.0
3;6800;STARFRUIT;5004;29;;;;;5009;5;5011;29;;;5006.5;0.0
3;6900;COCONUT;9979;105;9978;63;;;9980;105;9981;63;;;9979.5;0.0
3;6900;CHOCOLATE;7747;99;;;;;7749;99;;;;;7748.0;0.0
3;6900;STARFRUIT;5003;23;;;;;5004;1;5008;4;5010;23;5003.5;0.0
3;6900;GIFT_BASKET;69540;2;69539;13;69538;29;69545;3;69551;2;69552;13;69542.5;0.0
3;6900;AMETHYSTS;9996;2;9995;21;;;10004;2;10005;21;;;10000.0;0.0
3;6900;STRAWBERRIES;3983;231;;;;;3985;231;;;;;3984.0;0.0
3;6900;ROSES;14459;79;;;;;14461;79;;;;;14460.0;0.0
3;6900;COCONUT_COUPON;605;44;;;;;606;44;;;;;605.5;0.0
3;6900;ORCHIDS;1076;8;1075;3;1068;42;1084;8;1085;3;1092;42;1080.0;0.0
3;7000;COCONUT_COUPON;606;37;;;;;607;37;;;;;606.5;0.0
3;7000;ORCHIDS;1076;7;1075;5;1068;49;1084;7;1085;5;1092;49;1080.0;0.0
3;7000;COCONUT;9980;111;9979;69;;;9981;120;9982;69;;;9980.5;0.0
3;7000;AMETHYSTS;9998;4;9996;1;9995;25;10004;1;10005;25;;;10001.0;0.0
3;7000;STARFRUIT;5003;1;5002;25;;;5009;1;5010;25;;;5006.0;0.0
3;7000;CHOCOLATE;7748;143;;;;;7749;44;7750;99;;;7748.5;0.0
3;7000;GIFT_BASKET;69546;1;69545;17;69544;19;69557;1;69558;17;69559;19;69551.5;0.0
3;7000;ROSES;14459;57;;;;;14461;57;;;;;14460.0;0.0
3;7000;STRAWBERRIES;3984;96;3983;122;;;3985;221;;;;;3984.5;0.0
3;7100;AMETHYSTS;9998;4;9996;2;9995;25;10004;2;10005;25;;;10001.0;0.0
3;7100;STRAWBERRIES;3984;74;3983;117;;;3985;191;;;;;3984.5;0.0
3;7100;ROSES;14462;66;;;;;14463;66;;;;;14462.5;0.0
3;7100;COCONUT_COUPON;606;40;;;;;607;40;;;;;606.5;0.0
3;7100;ORCHIDS;1077;10;1076;5;1069;55;1085;10;1086;5;1093;55;1081.0;0.0
3;7100;COCONUT;9981;129;9980;48;;;9982;129;9983;48;;;9981.5;0.0
3;7100;STARFRUIT;5003;2;5002;25;;;5009;27;;;;;5006.0;0.0
3;7100;CHOCOLATE;7749;55;7748;74;;;7750;139;;;;;7749.5;0.0
3;7100;GIFT_BASKET;69548;2;69547;20;69546;18;69559;2;69560;20;69561;18;69553.5;0.0
3;7200;ROSES;14463;63;;;;;14464;63;;;;;14463.5;0.0
3;7200;STRAWBERRIES;3984;217;;;;;3985;56;3986;158;;;3984.5;0.0
3;7200;COCONUT_COUPON;605;36;;;;;606;36;;;;;605.5;0.0
3;7200;ORCHIDS;1077;7;1076;4;1069;45;1082;8;1085;7;1086;4;1079.5;0.0
3;7200;COCONUT;9980;128;9979;53;;;9981;128;9982;53;;;9980.5;0.0
3;7200;AMETHYSTS;9995;24;;;;;10005;24;;;;;10000.0;0.0
3;7200;STARFRUIT;5008;1;5002;24;;;5009;24;;;;;5008.5;0.0
3;7200;CHOCOLATE;7749;115;;;;;7751;115;;;;;7750.0;0.0
3;7200;GIFT_BASKET;69555;14;69554;22;;;69567;14;69568;22;;;69561.0;0.0
3;7300;COCONUT;9980;140;9979;64;;;9981;140;9982;64;;;9980.5;0.0
3;7300;STARFRUIT;5003;32;;;;;5009;2;5010;30;;;5006.0;0.0
3;7300;CHOCOLATE;7747;126;;;;;7749;126;;;;;7748.0;0.0
3;7300;GIFT_BASKET;69552;2;69551;13;69550;25;69563;2;69564;13;69565;25;69557.5;0.0
3;7300;AMETHYSTS;9996;2;9995;30;;;10004;2;10005;30;;;10000.0;0.0
3;7300;STRAWBERRIES;3984;249;;;;;3985;61;3986;188;;;3984.5;0.0
3;7300;ROSES;14465;55;;;;;14466;55;;;;;14465.5;0.0
3;7300;COCONUT_COUPON;605;40;;;;;606;40;;;;;605.5;0.0
3;7300;ORCHIDS;1076;8;1075;2;1068;51;1084;8;1085;2;1092;51;1080.0;0.0
3;7400;ORCHIDS;1075;8;1074;2;1067;44;1083;8;1084;2;1091;44;1079.0;0.0
3;7400;COCONUT;9979;139;9978;41;;;9980;139;9981;41;;;9979.5;0.0
3;7400;AMETHYSTS;9998;3;9995;26;;;10005;26;;;;;10001.5;0.0
3;7400;CHOCOLATE;7747;111;;;;;7749;111;;;;;7748.0;0.0
3;7400;GIFT_BASKET;69541;10;69540;24;;;69553;10;69554;24;;;69547.0;0.0
3;7400;STARFRUIT;5002;26;;;;;5009;26;;;;;5005.5;0.0
3;7400;ROSES;14464;72;;;;;14466;72;;;;;14465.0;0.0
3;7400;STRAWBERRIES;3984;174;;;;;3985;174;;;;;3984.5;0.0
3;7400;COCONUT_COUPON;605;34;;;;;606;34;;;;;605.5;0.0
3;7500;AMETHYSTS;10002;1;9996;2;9995;24;10004;2;10005;24;;;10003.0;0.0
3;7500;STRAWBERRIES;3984;55;3983;117;;;3985;172;;;;;3984.5;0.0
3;7500;STARFRUIT;5002;26;;;;;5009;26;;;;;5005.5;0.0
3;7500;ROSES;14464;69;;;;;14465;21;14466;48;;;14464.5;0.0
3;7500;ORCHIDS;1073;7;1072;5;1065;47;1081;7;1082;5;1089;47;1077.0;0.0
3;7500;COCONUT;9978;112;9977;44;;;9979;112;9980;44;;;9978.5;0.0
3;7500;COCONUT_COUPON;603;39;;;;;604;39;;;;;603.5;0.0
3;7500;CHOCOLATE;7747;97;;;;;7748;42;7749;55;;;7747.5;0.0
3;7500;GIFT_BASKET;69550;2;69549;16;69548;21;69560;2;69561;16;69563;21;69555.0;0.0
3;7600;STARFRUIT;5007;1;5002;7;5001;27;5008;27;;;;;5007.5;0.0
3;7600;ROSES;14466;15;14465;32;;;14467;47;;;;;14466.5;0.0
3;7600;STRAWBERRIES;3984;194;;;;;3985;81;3986;113;;;3984.5;0.0
3;7600;COCONUT_COUPON;603;28;;;;;604;28;;;;;603.5;0.0
3;7600;ORCHIDS;1073;8;1072;4;1065;46;1081;8;1082;4;1089;46;1077.0;0.0
3;7600;COCONUT;9978;133;9977;69;;;9980;202;;;;;9979.0;0.0
3;7600;AMETHYSTS;9996;1;9995;26;;;10004;1;10005;26;;;10000.0;0.0
3;7600;CHOCOLATE;7748;131;;;;;7750;131;;;;;7749.0;0.0
3;7600;GIFT_BASKET;69561;1;69559;12;69558;15;69571;1;69572;12;69573;15;69566.0;0.0
3;7700;COCONUT;9978;198;;;;;9980;122;9981;76;;;9979.0;0.0
3;7700;COCONUT_COUPON;603;32;;;;;604;32;;;;;603.5;0.0
3;7700;CHOCOLATE;7748;119;;;;;7750;119;;;;;7749.0;0.0
3;7700;GIFT_BASKET;69560;13;69559;19;;;69572;13;69573;19;;;69566.0;0.0
3;7700;AMETHYSTS;10002;2;9995;26;;;10005;26;;;;;10003.5;0.0
3;7700;STRAWBERRIES;3984;238;;;;;3985;83;3986;155;;;3984.5;0.0
3;7700;STARFRUIT;5002;26;;;;;5007;5;5009;26;;;5004.5;0.0
3;7700;ROSES;14465;58;;;;;14466;58;;;;;14465.5;0.0
3;7700;ORCHIDS;1072;7;1071;3;1064;46;1080;7;1081;3;1088;46;1076.0;0.0
3;7800;ORCHIDS;1074;6;1073;4;1066;41;1082;6;1083;4;1090;41;1078.0;0.0
3;7800;COCONUT;9978;150;9977;75;;;9980;218;;;;;9979.0;0.0
3;7800;AMETHYSTS;9996;1;9995;23;;;10004;1;10005;23;;;10000.0;0.0
3;7800;CHOCOLATE;7749;53;7748;74;;;7750;53;7751;74;;;7749.5;0.0
3;7800;GIFT_BASKET;69567;1;69566;12;69564;20;69577;1;69578;12;69579;20;69572.0;0.0
3;7800;STARFRUIT;5002;24;;;;;5007;6;5008;1;5009;23;5004.5;0.0
3;7800;ROSES;14462;56;;;;;14463;56;;;;;14462.5;0.0
3;7800;STRAWBERRIES;3984;234;;;;;3985;234;;;;;3984.5;0.0
3;7800;COCONUT_COUPON;601;33;;;;;602;33;;;;;601.5;0.0
3;7900;AMETHYSTS;9996;2;9995;30;;;10004;2;10005;30;;;10000.0;0.0
3;7900;STRAWBERRIES;3984;245;;;;;3985;245;;;;;3984.5;0.0
3;7900;STARFRUIT;5007;1;5002;32;;;5009;32;;;;;5008.0;0.0
3;7900;ORCHIDS;1075;9;1074;4;1067;58;1083;9;1084;4;1091;58;1079.0;0.0
3;7900;ROSES;14459;16;14458;47;;;14460;63;;;;;14459.5;0.0
3;7900;COCONUT;9978;144;9977;44;;;9979;144;9980;44;;;9978.5;0.0
3;7900;COCONUT_COUPON;601;37;;;;;603;37;;;;;602.0;0.0
3;7900;CHOCOLATE;7749;125;;;;;7750;47;7751;78;;;7749.5;0.0
3;7900;GIFT_BASKET;69555;2;69554;19;69553;16;69566;2;69567;19;69568;16;69560.5;0.0
3;8000;STARFRUIT;5002;22;;;;;5007;4;5009;22;;;5004.5;0.0
3;8000;ROSES;14460;29;14459;45;;;14461;74;;;;;14460.5;0.0
3;8000;COCONUT;9979;136;9978;66;;;9980;136;9981;66;;;9979.5;0.0
3;8000;STRAWBERRIES;3984;243;;;;;3985;243;;;;;3984.5;0.0
3;8000;COCONUT_COUPON;601;46;;;;;602;46;;;;;601.5;0.0
3;8000;ORCHIDS;1075;7;1074;4;1067;44;1084;7;1085;4;1092;44;1079.5;0.0
3;8000;AMETHYSTS;9996;1;9995;21;;;10004;1;10005;21;;;10000.0;0.0
3;8000;GIFT_BASKET;69555;1;69554;16;69553;29;69566;1;69567;16;69568;29;69560.5;0.0
3;8000;CHOCOLATE;7750;43;7749;70;;;7751;113;;;;;7750.5;0.0
3;8100;CHOCOLATE;7750;155;;;;;7752;155;;;;;7751.0;0.0
3;8100;GIFT_BASKET;69557;12;69555;25;;;69569;12;69570;25;;;69563.0;0.0
3;8100;COCONUT_COUPON;600;37;;;;;601;37;;;;;600.5;0.0
3;8100;STRAWBERRIES;3984;274;;;;;3985;274;;;;;3984.5;0.0
3;8100;AMETHYSTS;9995;20;;;;;10005;20;;;;;10000.0;0.0
3;8100;STARFRUIT;5003;20;;;;;5010;20;;;;;5006.5;0.0
3;8100;ORCHIDS;1075;5;1074;4;1067;37;1084;5;1085;4;1092;37;1079.5;0.0
3;8100;ROSES;14458;25;14457;39;;;14459;64;;;;;14458.5;0.0
3;8100;COCONUT;9977;133;9976;50;;;9979;183;;;;;9978.0;0.0
3;8200;ORCHIDS;1076;10;1075;4;1068;49;1084;10;1085;4;1092;49;1080.0;0.0
3;8200;CHOCOLATE;7752;50;7751;77;;;7753;127;;;;;7752.5;0.0
3;8200;AMETHYSTS;9998;3;9996;2;9995;23;10004;2;10005;23;;;10001.0;0.0
3;8200;GIFT_BASKET;69561;2;69560;16;69559;27;69572;2;69573;16;69574;27;69566.5;0.0
3;8200;STARFRUIT;5003;2;5002;23;;;5009;25;;;;;5006.0;0.0
3;8200;ROSES;14455;75;;;;;14457;75;;;;;14456.0;0.0
3;8200;COCONUT;9976;194;;;;;9978;118;9979;76;;;9977.0;0.0
3;8200;STRAWBERRIES;3983;246;;;;;3985;246;;;;;3984.0;0.0
3;8200;COCONUT_COUPON;600;45;;;;;601;45;;;;;600.5;0.0
3;8300;STRAWBERRIES;3983;197;;;;;3985;197;;;;;3984.0;0.0
3;8300;AMETHYSTS;10002;1;9996;2;9995;22;10004;2;10005;22;;;10003.0;0.0
3;8300;STARFRUIT;5003;24;;;;;5009;2;5010;22;;;5006.0;0.0
3;8300;ORCHIDS;1077;8;1076;5;1069;43;1085;8;1086;5;1093;43;1081.0;0.0
3;8300;ROSES;14454;19;14453;43;;;14455;62;;;;;14454.5;0.0
3;8300;COCONUT;9976;132;9975;72;;;9977;132;9978;72;;;9976.5;0.0
3;8300;CHOCOLATE;7752;65;7751;55;;;7753;120;;;;;7752.5;0.0
3;8300;GIFT_BASKET;69557;2;69556;13;69555;19;69568;2;69569;13;69570;19;69562.5;0.0
3;8300;COCONUT_COUPON;599;15;;;;;600;34;;;;;599.5;0.0
3;8400;STARFRUIT;5006;2;5003;24;;;5010;24;;;;;5008.0;0.0
3;8400;ROSES;14456;61;;;;;14457;61;;;;;14456.5;0.0
3;8400;COCONUT;9974;125;9973;79;;;9975;116;9976;79;;;9974.5;0.0
3;8400;STRAWBERRIES;3983;234;;;;;3985;234;;;;;3984.0;0.0
3;8400;COCONUT_COUPON;598;34;;;;;599;34;;;;;598.5;0.0
3;8400;ORCHIDS;1076;5;1075;4;1068;44;1085;5;1086;4;1093;44;1080.5;0.0
3;8400;CHOCOLATE;7750;131;;;;;7752;131;;;;;7751.0;0.0
3;8400;AMETHYSTS;9995;24;;;;;9998;1;10002;5;10005;24;9996.5;0.0
3;8400;GIFT_BASKET;69551;15;69550;19;;;69564;15;69565;19;;;69557.5;0.0
3;8500;CHOCOLATE;7752;35;7751;50;;;7753;85;;;;;7752.5;0.0
3;8500;GIFT_BASKET;69549;7;69544;2;69543;18;69554;2;69556;18;69557;28;69551.5;0.0
3;8500;COCONUT_COUPON;597;48;;;;;598;48;;;;;597.5;0.0
3;8500;STRAWBERRIES;3982;188;;;;;3984;188;;;;;3983.0;0.0
3;8500;AMETHYSTS;9996;2;9995;28;;;10004;2;10005;28;;;10000.0;0.0
3;8500;ORCHIDS;1075;8;1074;4;1067;54;1083;8;1084;4;1091;54;1079.0;0.0
3;8500;STARFRUIT;5004;2;5003;28;;;5010;30;;;;;5007.0;0.0
3;8500;ROSES;14450;58;;;;;14451;28;14452;30;;;14450.5;0.0
3;8500;COCONUT;9973;109;9972;53;;;9974;109;9975;53;;;9973.5;0.0
3;8600;ORCHIDS;1076;6;1075;2;1068;46;1084;6;1085;2;1092;46;1080.0;0.0
3;8600;CHOCOLATE;7754;36;7753;86;;;7755;122;;;;;7754.5;0.0
3;8600;GIFT_BASKET;69540;2;69539;20;69538;26;69551;2;69552;20;69553;26;69545.5;0.0
3;8600;AMETHYSTS;9996;2;9995;20;;;10004;2;10005;20;;;10000.0;0.0
3;8600;STARFRUIT;5003;22;;;;;5010;22;;;;;5006.5;0.0
3;8600;ROSES;14443;58;;;;;14445;58;;;;;14444.0;0.0
3;8600;COCONUT;9973;186;;;;;9975;111;9976;75;;;9974.0;0.0
3;8600;STRAWBERRIES;3983;224;;;;;3984;86;3985;138;;;3983.5;0.0
3;8600;COCONUT_COUPON;596;48;;;;;597;48;;;;;596.5;0.0
3;8700;STRAWBERRIES;3983;271;;;;;3985;271;;;;;3984.0;0.0
3;8700;AMETHYSTS;9996;2;9995;26;;;10002;7;10004;2;10005;26;9999.0;0.0
3;8700;ORCHIDS;1076;10;1075;3;1068;46;1084;10;1085;3;1092;46;1080.0;0.0
3;8700;STARFRUIT;5009;1;5004;2;5003;26;5010;28;;;;;5009.5;0.0
3;8700;ROSES;14444;56;;;;;14445;23;14446;33;;;14444.5;0.0
3;8700;COCONUT;9974;123;9973;69;;;9976;192;;;;;9975.0;0.0
3;8700;CHOCOLATE;7754;107;;;;;7756;107;;;;;7755.0;0.0
3;8700;GIFT_BASKET;69553;2;69552;10;69551;23;69563;2;69564;10;69565;23;69558.0;0.0
3;8700;COCONUT_COUPON;595;35;;;;;596;35;;;;;595.5;0.0
3;8800;STARFRUIT;5005;1;5004;30;;;5010;2;5011;28;;;5007.5;0.0
3;8800;ROSES;14444;77;;;;;14445;77;;;;;14444.5;0.0
3;8800;COCONUT;9973;129;9972;70;;;9975;199;;;;;9974.0;0.0
3;8800;STRAWBERRIES;3983;194;;;;;3985;194;;;;;3984.0;0.0
3;8800;COCONUT_COUPON;597;51;;;;;598;51;;;;;597.5;0.0
3;8800;ORCHIDS;1075;10;1074;3;1067;57;1083;10;1084;3;1091;57;1079.0;0.0
3;8800;CHOCOLATE;7754;128;;;;;7755;42;7756;86;;;7754.5;0.0
3;8800;GIFT_BASKET;69557;2;69556;19;69555;30;69568;2;69569;19;69570;30;69562.5;0.0
3;8800;AMETHYSTS;9998;9;9996;2;9995;28;10004;2;10005;28;;;10001.0;0.0
3;8900;CHOCOLATE;7754;114;;;;;7756;114;;;;;7755.0;0.0
3;8900;GIFT_BASKET;69561;1;69560;12;69559;24;69572;1;69573;12;69574;24;69566.5;0.0
3;8900;COCONUT_COUPON;600;27;599;24;;;601;37;;;;;600.5;0.0
3;8900;STRAWBERRIES;3983;258;;;;;3985;258;;;;;3984.0;0.0
3;8900;AMETHYSTS;9996;1;9995;25;;;10004;1;10005;25;;;10000.0;0.0
3;8900;ORCHIDS;1075;9;1074;5;1067;46;1083;9;1084;5;1091;46;1079.0;0.0
3;8900;STARFRUIT;5004;26;;;;;5011;26;;;;;5007.5;0.0
3;8900;ROSES;14448;65;;;;;14449;65;;;;;14448.5;0.0
3;8900;COCONUT;9976;102;9975;67;;;9977;102;9978;67;;;9976.5;0.0
3;9000;ORCHIDS;1076;10;1075;5;1068;49;1084;10;1085;5;1092;49;1080.0;0.0
3;9000;CHOCOLATE;7754;39;7753;67;;;7755;106;;;;;7754.5;0.0
3;9000;GIFT_BASKET;69558;2;69557;13;69556;18;69569;2;69570;13;69571;18;69563.5;0.0
3;9000;AMETHYSTS;9996;2;9995;26;;;9998;7;10002;8;10004;2;9997.0;0.0
3;9000;STARFRUIT;5004;28;;;;;5011;28;;;;;5007.5;0.0
3;9000;COCONUT;9977;120;9976;76;;;9978;120;9979;76;;;9977.5;0.0
3;9000;STRAWBERRIES;3982;246;;;;;3984;246;;;;;3983.0;0.0
3;9000;ROSES;14447;55;;;;;14449;55;;;;;14448.0;0.0
3;9000;COCONUT_COUPON;600;33;;;;;601;33;;;;;600.5;0.0
3;9100;STRAWBERRIES;3982;252;;;;;3984;252;;;;;3983.0;0.0
3;9100;ROSES;14443;76;;;;;14445;76;;;;;14444.0;0.0
3;9100;AMETHYSTS;9996;1;9995;21;;;10004;1;10005;21;;;10000.0;0.0
3;9100;STARFRUIT;5005;1;5004;22;;;5011;22;;;;;5008.0;0.0
3;9100;ORCHIDS;1076;9;1075;2;1068;49;1084;9;1085;2;1092;49;1080.0;0.0
3;9100;COCONUT;9975;110;9974;68;;;9976;110;9977;68;;;9975.5;0.0
3;9100;CHOCOLATE;7756;48;7755;77;;;7757;48;7758;77;;;7756.5;0.0
3;9100;GIFT_BASKET;69560;1;69559;19;69558;29;69571;1;69572;19;69573;29;69565.5;0.0
3;9100;COCONUT_COUPON;601;49;;;;;602;49;;;;;601.5;0.0
3;9200;STARFRUIT;5005;4;5004;28;;;5011;29;;;;;5008.0;0.0
3;9200;COCONUT;9975;182;;;;;9977;114;9978;68;;;9976.0;0.0
3;9200;STRAWBERRIES;3982;219;;;;;3983;97;3984;122;;;3982.5;0.0
3;9200;ROSES;14444;63;;;;;14446;63;;;;;14445.0;0.0
3;9200;COCONUT_COUPON;602;33;;;;;603;33;;;;;602.5;0.0
3;9200;ORCHIDS;1075;6;1074;4;1067;47;1084;6;1085;4;1092;47;1079.5;0.0
3;9200;CHOCOLATE;7755;155;;;;;7757;155;;;;;7756.0;0.0
3;9200;GIFT_BASKET;69574;1;69573;13;69572;19;69585;1;69586;13;69587;19;69579.5;0.0
3;9200;AMETHYSTS;9996;1;9995;28;;;10004;1;10005;28;;;10000.0;0.0
3;9300;CHOCOLATE;7756;106;;;;;7757;39;7758;67;;;7756.5;0.0
3;9300;GIFT_BASKET;69579;1;69578;20;69577;21;69590;1;69591;20;69592;21;69584.5;0.0
3;9300;COCONUT_COUPON;601;42;;;;;602;42;;;;;601.5;0.0
3;9300;STRAWBERRIES;3982;256;;;;;3984;256;;;;;3983.0;0.0
3;9300;ROSES;14445;65;;;;;14446;21;14447;44;;;14445.5;0.0
3;9300;AMETHYSTS;9996;1;9995;22;;;10004;1;10005;22;;;10000.0;0.0
3;9300;STARFRUIT;5005;23;;;;;5012;23;;;;;5008.5;0.0
3;9300;ORCHIDS;1075;7;1074;3;1067;49;1084;7;1085;3;1092;49;1079.5;0.0
3;9300;COCONUT;9974;179;;;;;9976;106;9977;73;;;9975.0;0.0
3;9400;ORCHIDS;1078;10;1077;5;1070;57;1086;10;1087;5;1094;57;1082.0;0.0
3;9400;CHOCOLATE;7756;91;;;;;7757;38;7758;53;;;7756.5;0.0
3;9400;GIFT_BASKET;69585;1;69584;19;69583;23;69596;1;69597;19;69598;23;69590.5;0.0
3;9400;AMETHYSTS;10002;1;9996;1;9995;28;10004;1;10005;28;;;10003.0;0.0
3;9400;STARFRUIT;5005;29;;;;;5011;1;5012;28;;;5008.0;0.0
3;9400;COCONUT;9973;109;9972;55;;;9974;109;9975;55;;;9973.5;0.0
3;9400;STRAWBERRIES;3982;164;;;;;3983;9;3984;164;;;3982.5;0.0
3;9400;ROSES;14446;73;;;;;14448;73;;;;;14447.0;0.0
3;9400;COCONUT_COUPON;601;43;;;;;602;43;;;;;601.5;0.0
3;9500;STRAWBERRIES;3982;207;;;;;3984;207;;;;;3983.0;0.0
3;9500;ROSES;14447;76;;;;;14449;76;;;;;14448.0;0.0
3;9500;AMETHYSTS;9995;21;;;;;10002;1;10005;21;;;9998.5;0.0
3;9500;STARFRUIT;5005;21;;;;;5012;21;;;;;5008.5;0.0
3;9500;ORCHIDS;1077;6;1076;4;1069;45;1086;6;1087;4;1094;45;1081.5;0.0
3;9500;COCONUT;9973;122;9972;49;;;9975;171;;;;;9974.0;0.0
3;9500;CHOCOLATE;7756;149;;;;;7757;61;7758;88;;;7756.5;0.0
3;9500;GIFT_BASKET;69579;18;69578;26;;;69592;18;69593;26;;;69585.5;0.0
3;9500;COCONUT_COUPON;604;35;;;;;605;44;;;;;604.5;0.0
3;9600;COCONUT;9974;108;9973;70;;;9975;108;9976;70;;;9974.5;0.0
3;9600;STARFRUIT;5006;4;5005;21;;;5012;21;;;;;5009.0;0.0
3;9600;STRAWBERRIES;3982;178;;;;;3984;178;;;;;3983.0;0.0
3;9600;ROSES;14453;63;;;;;14455;63;;;;;14454.0;0.0
3;9600;COCONUT_COUPON;603;33;;;;;604;33;;;;;603.5;0.0
3;9600;ORCHIDS;1077;5;1076;5;1069;37;1085;5;1086;5;1093;37;1081.0;0.0
3;9600;CHOCOLATE;7755;52;7754;67;;;7756;52;7757;67;;;7755.5;0.0
3;9600;GIFT_BASKET;69581;1;69580;12;69579;20;69591;1;69593;12;69594;20;69586.0;0.0
3;9600;AMETHYSTS;9998;1;9996;1;9995;20;10004;1;10005;20;;;10001.0;0.0
3;9700;COCONUT_COUPON;604;47;;;;;605;47;;;;;604.5;0.0
3;9700;CHOCOLATE;7754;137;;;;;7756;142;;;;;7755.0;0.0
3;9700;GIFT_BASKET;69571;2;69569;16;69568;29;69581;2;69582;16;69583;29;69576.0;0.0
3;9700;STRAWBERRIES;3982;235;;;;;3983;235;;;;;3982.5;0.0
3;9700;ROSES;14453;29;14452;34;;;14454;63;;;;;14453.5;0.0
3;9700;AMETHYSTS;9998;9;9996;2;9995;23;10004;2;10005;23;;;10001.0;0.0
3;9700;ORCHIDS;1077;9;1076;3;1069;48;1085;9;1086;3;1093;48;1081.0;0.0
3;9700;COCONUT;9974;115;9973;72;;;9976;187;;;;;9975.0;0.0
3;9700;STARFRUIT;5011;1;5005;25;;;5012;25;;;;;5011.5;0.0
3;9800;AMETHYSTS;10002;1;9996;1;9995;27;10004;1;10005;27;;;10003.0;0.0
3;9800;ORCHIDS;1077;5;1076;3;1069;51;1086;5;1087;3;1094;51;1081.5;0.0
3;9800;CHOCOLATE;7753;151;;;;;7754;62;7755;89;;;7753.5;0.0
3;9800;GIFT_BASKET;69566;1;69565;19;69564;20;69577;1;69578;19;69579;20;69571.5;0.0
3;9800;COCONUT;9973;193;;;;;9975;146;9976;47;;;9974.0;0.0
3;9800;STARFRUIT;5005;28;;;;;5010;3;5012;28;;;5007.5;0.0
3;9800;STRAWBERRIES;3982;89;3981;107;;;3983;196;;;;;3982.5;0.0
3;9800;COCONUT_COUPON;602;40;;;;;603;40;;;;;602.5;0.0
3;9800;ROSES;14454;53;;;;;14455;53;;;;;14454.5;0.0
3;9900;STRAWBERRIES;3982;246;;;;;3983;246;;;;;3982.5;0.0
3;9900;ROSES;14454;18;14453;49;;;14455;67;;;;;14454.5;0.0
3;9900;AMETHYSTS;9995;28;;;;;10005;28;;;;;10000.0;0.0
3;9900;ORCHIDS;1077;10;1076;5;1069;57;1086;10;1087;5;1094;57;1081.5;0.0
3;9900;COCONUT;9976;5;9975;176;;;9977;112;9978;64;;;9976.5;0.0
3;9900;STARFRUIT;5006;28;;;;;5013;28;;;;;5009.5;0.0
3;9900;COCONUT_COUPON;605;37;;;;;606;37;;;;;605.5;0.0
3;9900;CHOCOLATE;7753;129;;;;;7755;129;;;;;7754.0;0.0
3;9900;GIFT_BASKET;69557;19;69556;18;;;69570;19;69571;18;;;69563.5;0.0
3;10000;COCONUT;9975;172;;;;;9977;129;9978;43;;;9976.0;0.0
3;10000;STARFRUIT;5006;24;;;;;5009;5;5011;1;5012;1;5007.5;0.0
3;10000;STRAWBERRIES;3982;170;;;;;3983;170;;;;;3982.5;0.0
3;10000;COCONUT_COUPON;605;37;;;;;606;37;;;;;605.5;0.0
3;10000;ROSES;14449;54;;;;;14450;23;14451;31;;;14449.5;0.0
3;10000;AMETHYSTS;9996;1;9995;23;;;10000;6;10004;1;10005;23;9998.0;0.0
3;10000;ORCHIDS;1079;9;1078;3;1071;45;1087;9;1088;3;1095;45;1083.0;0.0
3;10000;CHOCOLATE;7753;100;;;;;7755;100;;;;;7754.0;0.0
3;10000;GIFT_BASKET;69564;1;69563;13;69562;23;69575;1;69576;13;69577;23;69569.5;0.0
3;10100;COCONUT_COUPON;604;33;;;;;605;50;;;;;604.5;0.0
3;10100;CHOCOLATE;7754;50;7753;81;;;7755;131;;;;;7754.5;0.0
3;10100;GIFT_BASKET;69567;20;69566;30;;;69580;20;69581;30;;;69573.5;0.0
3;10100;ORCHIDS;1078;6;1077;3;1070;56;1086;6;1087;3;1094;56;1082.0;0.0
3;10100;STRAWBERRIES;3982;206;;;;;3983;206;;;;;3982.5;0.0
3;10100;ROSES;14446;75;;;;;14447;75;;;;;14446.5;0.0
3;10100;AMETHYSTS;9995;30;;;;;10005;30;;;;;10000.0;0.0
3;10100;COCONUT;9976;110;9975;68;;;9977;110;9978;68;;;9976.5;0.0
3;10100;STARFRUIT;5006;30;;;;;5013;30;;;;;5009.5;0.0
3;10200;AMETHYSTS;9996;1;9995;28;;;10002;1;10004;1;10005;28;9999.0;0.0
3;10200;GIFT_BASKET;69569;1;69568;14;69567;18;69580;1;69581;14;69582;18;69574.5;0.0
3;10200;CHOCOLATE;7752;125;;;;;7754;125;;;;;7753.0;0.0
3;10200;COCONUT;9975;143;9974;73;;;9976;143;9977;73;;;9975.5;0.0
3;10200;STARFRUIT;5006;29;;;;;5011;1;5013;29;;;5008.5;0.0
3;10200;STRAWBERRIES;3982;207;;;;;3983;207;;;;;3982.5;0.0
3;10200;COCONUT_COUPON;603;33;;;;;604;33;;;;;603.5;0.0
3;10200;ORCHIDS;1077;8;1076;2;1069;50;1085;8;1086;2;1093;50;1081.0;0.0
3;10200;ROSES;14443;60;;;;;14445;60;;;;;14444.0;0.0
3;10300;ROSES;14442;53;;;;;14443;10;14444;53;;;14442.5;0.0
3;10300;AMETHYSTS;9998;6;9996;1;9995;30;10004;1;10005;30;;;10001.0;0.0
3;10300;COCONUT;9975;123;9974;42;;;9977;165;;;;;9976.0;0.0
3;10300;STARFRUIT;5006;31;;;;;5013;31;;;;;5009.5;0.0
3;10300;CHOCOLATE;7752;141;;;;;7753;50;7754;91;;;7752.5;0.0
3;10300;GIFT_BASKET;69569;1;69568;16;69567;18;69580;1;69581;16;69582;18;69574.5;0.0
3;10300;COCONUT_COUPON;603;35;;;;;604;35;;;;;603.5;0.0
3;10300;ORCHIDS;1077;6;1076;3;1069;52;1085;6;1086;3;1093;52;1081.0;0.0
3;10300;STRAWBERRIES;3982;256;;;;;3984;256;;;;;3983.0;0.0
3;10400;COCONUT;9976;104;9975;61;;;9977;104;9978;61;;;9976.5;0.0
3;10400;STARFRUIT;5011;1;5005;27;;;5012;27;;;;;5011.5;0.0
3;10400;CHOCOLATE;7752;147;;;;;7753;64;7754;83;;;7752.5;0.0
3;10400;COCONUT_COUPON;603;51;;;;;605;40;;;;;604.0;0.0
3;10400;ORCHIDS;1077;5;1076;2;1069;47;1085;5;1086;2;1093;47;1081.0;0.0
3;10400;ROSES;14439;58;;;;;14440;25;14441;33;;;14439.5;0.0
3;10400;AMETHYSTS;9995;27;;;;;10005;27;;;;;10000.0;0.0
3;10400;STRAWBERRIES;3982;199;;;;;3984;199;;;;;3983.0;0.0
3;10400;GIFT_BASKET;69576;15;69575;25;;;69589;15;69590;25;;;69582.5;0.0
3;10500;GIFT_BASKET;69587;2;69586;16;69585;16;69598;2;69599;16;69600;16;69592.5;0.0
3;10500;COCONUT_COUPON;602;34;;;;;603;34;;;;;602.5;0.0
3;10500;ORCHIDS;1077;5;1076;3;1069;46;1085;5;1086;3;1093;46;1081.0;0.0
3;10500;STRAWBERRIES;3982;269;;;;;3983;71;3984;198;;;3982.5;0.0
3;10500;ROSES;14443;51;;;;;14444;16;14445;35;;;14443.5;0.0
3;10500;AMETHYSTS;10002;5;9996;2;9995;25;10004;2;10005;25;;;10003.0;0.0
3;10500;COCONUT;9975;135;9974;71;;;9977;206;;;;;9976.0;0.0
3;10500;STARFRUIT;5005;27;;;;;5010;3;5012;27;;;5007.5;0.0
3;10500;CHOCOLATE;7754;39;7753;71;;;7755;110;;;;;7754.5;0.0
3;10600;AMETHYSTS;10002;1;9995;28;;;10005;28;;;;;10003.5;0.0
3;10600;STRAWBERRIES;3982;89;3981;175;;;3983;264;;;;;3982.5;0.0
3;10600;GIFT_BASKET;69581;12;69580;26;;;69594;12;69595;26;;;69587.5;0.0
3;10600;COCONUT;9977;127;9976;72;;;9978;127;9979;72;;;9977.5;0.0
3;10600;STARFRUIT;5005;28;;;;;5010;1;5012;28;;;5007.5;0.0
3;10600;CHOCOLATE;7753;135;;;;;7755;135;;;;;7754.0;0.0
3;10600;COCONUT_COUPON;604;12;603;26;;;605;38;;;;;604.5;0.0
3;10600;ORCHIDS;1078;9;1077;3;1070;49;1086;9;1087;3;1094;49;1082.0;0.0
3;10600;ROSES;14443;69;;;;;14444;69;;;;;14443.5;0.0
3;10700;ROSES;14440;61;;;;;14442;61;;;;;14441.0;0.0
3;10700;AMETHYSTS;9995;26;;;;;10005;26;;;;;10000.0;0.0
3;10700;COCONUT;9977;134;9976;52;;;9978;134;9979;52;;;9977.5;0.0
3;10700;CHOCOLATE;7754;38;7753;51;;;7755;38;7756;51;;;7754.5;0.0
3;10700;STARFRUIT;5005;26;;;;;5012;26;;;;;5008.5;0.0
3;10700;GIFT_BASKET;69595;17;69593;19;;;69607;17;69608;19;;;69601.0;0.0
3;10700;COCONUT_COUPON;605;36;;;;;606;36;;;;;605.5;0.0
3;10700;ORCHIDS;1077;7;1076;5;1069;50;1085;7;1086;5;1093;50;1081.0;0.0
3;10700;STRAWBERRIES;3982;237;;;;;3983;237;;;;;3982.5;0.0
3;10800;COCONUT;9976;132;9975;72;;;9977;132;9978;72;;;9976.5;0.0
3;10800;CHOCOLATE;7754;146;;;;;7755;56;7756;90;;;7754.5;0.0
3;10800;STARFRUIT;5005;23;;;;;5012;23;;;;;5008.5;0.0
3;10800;COCONUT_COUPON;605;35;;;;;606;35;;;;;605.5;0.0
3;10800;ORCHIDS;1078;5;1077;3;1070;46;1086;5;1087;3;1094;46;1082.0;0.0
3;10800;ROSES;14438;54;;;;;14440;54;;;;;14439.0;0.0
3;10800;AMETHYSTS;9996;1;9995;22;;;10004;1;10005;22;;;10000.0;0.0
3;10800;STRAWBERRIES;3982;90;3981;194;;;3983;284;;;;;3982.5;0.0
3;10800;GIFT_BASKET;69595;1;69594;19;69593;15;69606;1;69607;19;69608;15;69600.5;0.0
3;10900;GIFT_BASKET;69602;2;69601;20;69600;25;69612;2;69613;20;69614;25;69607.0;0.0
3;10900;COCONUT_COUPON;606;47;;;;;607;47;;;;;606.5;0.0
3;10900;ORCHIDS;1079;10;1078;4;1071;57;1087;10;1088;4;1095;57;1083.0;0.0
3;10900;STRAWBERRIES;3982;263;;;;;3983;263;;;;;3982.5;0.0
3;10900;ROSES;14438;55;;;;;14440;55;;;;;14439.0;0.0
3;10900;COCONUT;9975;91;9974;49;;;9977;150;;;;;9976.0;0.0
3;10900;AMETHYSTS;9998;5;9996;2;9995;27;10004;2;10005;27;;;10001.0;0.0
3;10900;CHOCOLATE;7755;60;7754;99;;;7756;159;;;;;7755.5;0.0
3;10900;STARFRUIT;5006;6;5005;27;;;5012;29;;;;;5009.0;0.0
3;11000;AMETHYSTS;9996;1;9995;27;;;10002;5;10004;1;10005;27;9999.0;0.0
3;11000;STRAWBERRIES;3982;184;;;;;3983;66;3984;118;;;3982.5;0.0
3;11000;GIFT_BASKET;69594;1;69593;11;69592;23;69605;1;69606;11;69607;23;69599.5;0.0
3;11000;COCONUT;9973;183;;;;;9975;114;9976;69;;;9974.0;0.0
3;11000;CHOCOLATE;7754;64;7753;66;;;7755;64;7756;66;;;7754.5;0.0
3;11000;STARFRUIT;5006;28;;;;;5012;1;5013;27;;;5009.0;0.0
3;11000;COCONUT_COUPON;605;35;;;;;606;35;;;;;605.5;0.0
3;11000;ORCHIDS;1080;8;1079;5;1072;46;1088;8;1089;5;1096;46;1084.0;0.0
3;11000;ROSES;14437;23;14436;34;;;14438;57;;;;;14437.5;0.0
3;11100;ROSES;14434;29;14433;46;;;14435;75;;;;;14434.5;0.0
3;11100;COCONUT;9973;116;9972;63;;;9975;179;;;;;9974.0;0.0
3;11100;AMETHYSTS;9996;2;9995;23;;;10002;4;10004;2;10005;23;9999.0;0.0
3;11100;CHOCOLATE;7753;37;7752;63;;;7754;100;;;;;7753.5;0.0
3;11100;STARFRUIT;5011;1;5005;25;;;5012;25;;;;;5011.5;0.0
3;11100;GIFT_BASKET;69594;2;69592;12;69591;29;69604;2;69605;12;69606;29;69599.0;0.0
3;11100;COCONUT_COUPON;603;43;;;;;605;43;;;;;604.0;0.0
3;11100;ORCHIDS;1081;9;1080;5;1073;44;1089;9;1090;5;1097;44;1085.0;0.0
3;11100;STRAWBERRIES;3982;170;;;;;3984;170;;;;;3983.0;0.0
3;11200;COCONUT;9973;166;;;;;9975;120;9976;46;;;9974.0;0.0
3;11200;CHOCOLATE;7752;55;7751;69;;;7753;55;7754;69;;;7752.5;0.0
3;11200;STARFRUIT;5006;2;5005;22;;;5012;24;;;;;5009.0;0.0
3;11200;ROSES;14430;78;;;;;14432;78;;;;;14431.0;0.0
3;11200;COCONUT_COUPON;605;49;;;;;606;49;;;;;605.5;0.0
3;11200;ORCHIDS;1080;8;1079;2;1072;47;1088;8;1089;2;1096;47;1084.0;0.0
3;11200;AMETHYSTS;9996;2;9995;22;;;10004;2;10005;22;;;10000.0;0.0
3;11200;STRAWBERRIES;3982;264;;;;;3984;264;;;;;3983.0;0.0
3;11200;GIFT_BASKET;69587;2;69586;17;69585;30;69597;2;69598;17;69599;30;69592.0;0.0
3;11300;COCONUT_COUPON;606;35;;;;;607;35;;;;;606.5;0.0
3;11300;ORCHIDS;1080;8;1079;4;1072;48;1088;8;1089;4;1096;48;1084.0;0.0
3;11300;STRAWBERRIES;3982;238;;;;;3983;86;3984;152;;;3982.5;0.0
3;11300;ROSES;14430;64;;;;;14431;15;14432;49;;;14430.5;0.0
3;11300;COCONUT;9971;125;9970;80;;;9972;125;9973;80;;;9971.5;0.0
3;11300;AMETHYSTS;9996;2;9995;22;;;10004;2;10005;22;;;10000.0;0.0
3;11300;CHOCOLATE;7750;53;7749;86;;;7751;139;;;;;7750.5;0.0
3;11300;STARFRUIT;5006;2;5005;22;;;5012;24;;;;;5009.0;0.0
3;11300;GIFT_BASKET;69576;2;69575;18;69574;15;69587;2;69588;18;69589;15;69581.5;0.0
3;11400;AMETHYSTS;9998;5;9996;1;9995;26;10004;1;10005;26;;;10001.0;0.0
3;11400;STRAWBERRIES;3981;195;;;;;3983;195;;;;;3982.0;0.0
3;11400;COCONUT;9970;112;9969;41;;;9971;112;9972;41;;;9970.5;0.0
3;11400;STARFRUIT;5006;1;5005;26;;;5012;27;;;;;5009.0;0.0
3;11400;CHOCOLATE;7749;116;;;;;7751;116;;;;;7750.0;0.0
3;11400;GIFT_BASKET;69568;1;69567;17;69566;16;69578;1;69579;17;69580;16;69573.0;0.0
3;11400;ROSES;14435;58;;;;;14436;58;;;;;14435.5;0.0
3;11400;COCONUT_COUPON;605;34;;;;;606;34;;;;;605.5;0.0
3;11400;ORCHIDS;1085;2;1080;7;1079;2;1088;7;1089;2;1096;50;1086.5;0.0
3;11500;ROSES;14427;74;;;;;14429;74;;;;;14428.0;0.0
3;11500;COCONUT;9971;103;9970;78;;;9972;103;9973;78;;;9971.5;0.0
3;11500;AMETHYSTS;9995;30;;;;;10005;30;;;;;10000.0;0.0
3;11500;STARFRUIT;5006;30;;;;;5013;30;;;;;5009.5;0.0
3;11500;CHOCOLATE;7752;116;;;;;7753;54;7754;62;;;7752.5;0.0
3;11500;GIFT_BASKET;69570;17;69569;25;;;69576;2;69583;17;69584;25;69573.0;0.0
3;11500;COCONUT_COUPON;604;42;;;;;605;42;;;;;604.5;0.0
3;11500;ORCHIDS;1080;9;1079;2;1072;56;1088;9;1089;2;1096;56;1084.0;0.0
3;11500;STRAWBERRIES;3981;231;;;;;3982;62;3983;169;;;3981.5;0.0
3;11600;COCONUT;9971;127;9970;71;;;9972;127;9973;71;;;9971.5;0.0
3;11600;STARFRUIT;5006;8;5005;25;;;5012;25;;;;;5009.0;0.0
3;11600;CHOCOLATE;7751;62;7750;94;;;7752;62;7753;94;;;7751.5;0.0
3;11600;GIFT_BASKET;69572;12;69571;28;;;69585;12;69586;28;;;69578.5;0.0
3;11600;ROSES;14426;68;;;;;14428;68;;;;;14427.0;0.0
3;11600;COCONUT_COUPON;604;40;;;;;605;40;;;;;604.5;0.0
3;11600;ORCHIDS;1081;6;1080;2;1073;43;1089;6;1090;2;1097;43;1085.0;0.0
3;11600;AMETHYSTS;9995;25;;;;;10002;2;10005;25;;;9998.5;0.0
3;11600;STRAWBERRIES;3981;94;3980;196;;;3982;290;;;;;3981.5;0.0
3;11700;COCONUT_COUPON;606;29;;;;;607;29;;;;;606.5;0.0
3;11700;ORCHIDS;1082;10;1081;5;1074;45;1090;10;1091;5;1098;45;1086.0;0.0
3;11700;STRAWBERRIES;3981;216;;;;;3983;216;;;;;3982.0;0.0
3;11700;ROSES;14426;46;;;;;14428;46;;;;;14427.0;0.0
3;11700;COCONUT;9973;138;9972;60;;;9974;132;9975;60;;;9973.5;0.0
3;11700;AMETHYSTS;9995;21;;;;;10005;21;;;;;10000.0;0.0
3;11700;STARFRUIT;5005;21;;;;;5007;4;5012;21;;;5006.0;0.0
3;11700;CHOCOLATE;7752;140;;;;;7754;140;;;;;7753.0;0.0
3;11700;GIFT_BASKET;69572;14;69571;15;;;69585;14;69586;15;;;69578.5;0.0
3;11800;AMETHYSTS;9998;9;9995;28;;;10005;28;;;;;10001.5;0.0
3;11800;STRAWBERRIES;3982;99;3981;140;;;3983;239;;;;;3982.5;0.0
3;11800;COCONUT;9973;120;9972;56;;;9974;120;9975;56;;;9973.5;0.0
3;11800;CHOCOLATE;7753;143;;;;;7754;44;7755;99;;;7753.5;0.0
3;11800;GIFT_BASKET;69572;14;69571;21;;;69585;14;69586;21;;;69578.5;0.0
3;11800;STARFRUIT;5005;28;;;;;5012;28;;;;;5008.5;0.0
3;11800;ROSES;14424;65;;;;;14425;65;;;;;14424.5;0.0
3;11800;COCONUT_COUPON;605;35;;;;;606;35;;;;;605.5;0.0
3;11800;ORCHIDS;1082;7;1081;5;1074;49;1090;7;1091;5;1098;49;1086.0;0.0
3;11900;STARFRUIT;5005;24;;;;;5012;24;;;;;5008.5;0.0
3;11900;ROSES;14430;71;;;;;14431;71;;;;;14430.5;0.0
3;11900;COCONUT;9972;108;9971;64;;;9974;172;;;;;9973.0;0.0
3;11900;AMETHYSTS;9998;3;9995;24;;;10005;24;;;;;10001.5;0.0
3;11900;CHOCOLATE;7751;98;;;;;7752;47;7753;51;;;7751.5;0.0
3;11900;GIFT_BASKET;69578;15;69577;25;;;69591;15;69592;25;;;69584.5;0.0
3;11900;ORCHIDS;1082;8;1081;2;1074;47;1090;8;1091;2;1098;47;1086.0;0.0
3;11900;STRAWBERRIES;3982;3;3981;229;;;3983;229;;;;;3982.5;0.0
3;11900;COCONUT_COUPON;604;40;;;;;605;40;;;;;604.5;0.0
3;12000;COCONUT;9972;119;9971;46;;;9973;119;9974;46;;;9972.5;0.0
3;12000;COCONUT_COUPON;603;41;;;;;604;41;;;;;603.5;0.0
3;12000;CHOCOLATE;7751;43;7750;55;;;7752;43;7753;55;;;7751.5;0.0
3;12000;GIFT_BASKET;69578;18;69577;23;;;69591;18;69592;23;;;69584.5;0.0
3;12000;STARFRUIT;5004;21;;;;;5011;21;;;;;5007.5;0.0
3;12000;ROSES;14430;66;;;;;14432;66;;;;;14431.0;0.0
3;12000;ORCHIDS;1082;6;1081;5;1074;45;1091;6;1092;5;1099;45;1086.5;0.0
3;12000;AMETHYSTS;9995;21;;;;;10005;21;;;;;10000.0;0.0
3;12000;STRAWBERRIES;3981;224;;;;;3983;224;;;;;3982.0;0.0
3;12100;ORCHIDS;1082;10;1081;2;1074;43;1091;10;1092;2;1099;43;1086.5;0.0
3;12100;STRAWBERRIES;3981;279;;;;;3982;93;3983;186;;;3981.5;0.0
3;12100;COCONUT_COUPON;602;58;;;;;603;13;604;29;;;602.5;0.0
3;12100;STARFRUIT;5007;5;5004;24;;;5011;24;;;;;5009.0;0.0
3;12100;ROSES;14426;29;14425;37;;;14427;66;;;;;14426.5;0.0
3;12100;COCONUT;9971;138;9970;79;;;9973;217;;;;;9972.0;0.0
3;12100;AMETHYSTS;10000;5;9998;5;9996;2;10004;2;10005;22;;;10002.0;0.0
3;12100;CHOCOLATE;7750;135;;;;;7752;135;;;;;7751.0;0.0
3;12100;GIFT_BASKET;69570;2;69569;11;69568;29;69581;2;69582;11;69583;29;69575.5;0.0
3;12200;AMETHYSTS;9996;2;9995;30;;;10004;2;10005;30;;;10000.0;0.0
3;12200;STRAWBERRIES;3981;267;;;;;3982;98;3983;169;;;3981.5;0.0
3;12200;COCONUT;9973;137;9972;70;;;9974;137;9975;70;;;9973.5;0.0
3;12200;COCONUT_COUPON;604;41;;;;;605;41;;;;;604.5;0.0
3;12200;CHOCOLATE;7749;62;7748;98;;;7750;160;;;;;7749.5;0.0
3;12200;GIFT_BASKET;69563;2;69562;16;69561;23;69574;2;69575;16;69576;23;69568.5;0.0
3;12200;STARFRUIT;5004;2;5003;30;;;5008;5;5010;32;;;5006.0;0.0
3;12200;ROSES;14426;65;;;;;14428;65;;;;;14427.0;0.0
3;12200;ORCHIDS;1082;6;1081;5;1074;52;1090;6;1091;5;1098;52;1086.0;0.0
3;12300;STARFRUIT;5004;31;;;;;5011;31;;;;;5007.5;0.0
3;12300;ROSES;14423;58;;;;;14424;58;;;;;14423.5;0.0
3;12300;COCONUT;9972;162;;;;;9974;117;9975;45;;;9973.0;0.0
3;12300;AMETHYSTS;9996;2;9995;29;;;10004;2;10005;29;;;10000.0;0.0
3;12300;CHOCOLATE;7750;96;;;;;7751;42;7752;54;;;7750.5;0.0
3;12300;GIFT_BASKET;69572;2;69571;18;69570;28;69583;2;69584;18;69585;28;69577.5;0.0
3;12300;ORCHIDS;1082;8;1081;5;1074;55;1090;8;1091;5;1098;55;1086.0;0.0
3;12300;STRAWBERRIES;3981;203;;;;;3983;203;;;;;3982.0;0.0
3;12300;COCONUT_COUPON;605;48;;;;;606;48;;;;;605.5;0.0
3;12400;GIFT_BASKET;69568;2;69567;13;69566;21;69579;2;69580;13;69581;21;69573.5;0.0
3;12400;COCONUT_COUPON;605;36;;;;;606;36;;;;;605.5;0.0
3;12400;CHOCOLATE;7749;136;;;;;7751;136;;;;;7750.0;0.0
3;12400;STARFRUIT;5004;2;5003;20;;;5010;22;;;;;5007.0;0.0
3;12400;ORCHIDS;1083;5;1082;5;1075;38;1091;5;1092;5;1099;38;1087.0;0.0
3;12400;ROSES;14425;65;;;;;14426;21;14427;44;;;14425.5;0.0
3;12400;COCONUT;9974;181;;;;;9976;121;9977;60;;;9975.0;0.0
3;12400;AMETHYSTS;9996;2;9995;20;;;10004;2;10005;20;;;10000.0;0.0
3;12400;STRAWBERRIES;3981;100;3980;126;;;3982;226;;;;;3981.5;0.0
3;12500;ORCHIDS;1083;7;1082;3;1075;41;1091;7;1092;3;1099;41;1087.0;0.0
3;12500;STRAWBERRIES;3980;184;;;;;3981;10;3982;184;;;3980.5;0.0
3;12500;COCONUT_COUPON;607;38;;;;;608;38;;;;;607.5;0.0
3;12500;STARFRUIT;5003;25;;;;;5010;25;;;;;5006.5;0.0
3;12500;ROSES;14425;62;;;;;14426;62;;;;;14425.5;0.0
3;12500;COCONUT;9975;172;;;;;9977;127;9978;45;;;9976.0;0.0
3;12500;AMETHYSTS;9996;1;9995;24;;;10004;1;10005;24;;;10000.0;0.0
3;12500;GIFT_BASKET;69561;1;69560;10;69559;27;69572;1;69573;10;69574;27;69566.5;0.0
3;12500;CHOCOLATE;7750;40;7749;68;;;7751;40;7752;68;;;7750.5;0.0
3;12600;STRAWBERRIES;3980;196;;;;;3981;72;3982;124;;;3980.5;0.0
3;12600;AMETHYSTS;9995;22;;;;;10005;22;;;;;10000.0;0.0
3;12600;CHOCOLATE;7751;109;;;;;7752;37;7753;72;;;7751.5;0.0
3;12600;GIFT_BASKET;69576;14;69575;30;;;69589;14;69590;30;;;69582.5;0.0
3;12600;COCONUT_COUPON;607;44;;;;;608;44;;;;;607.5;0.0
3;12600;STARFRUIT;5003;22;;;;;5010;22;;;;;5006.5;0.0
3;12600;ORCHIDS;1084;6;1083;5;1076;42;1092;6;1093;5;1100;42;1088.0;0.0
3;12600;ROSES;14428;73;;;;;14429;30;14430;43;;;14428.5;0.0
3;12600;COCONUT;9976;121;9975;49;;;9978;170;;;;;9977.0;0.0
3;12700;STARFRUIT;5003;32;;;;;5004;1;5006;4;5010;32;5003.5;0.0
3;12700;ROSES;14425;78;;;;;14427;78;;;;;14426.0;0.0
3;12700;COCONUT;9976;127;9975;45;;;9977;127;9978;45;;;9976.5;0.0
3;12700;CHOCOLATE;7751;95;;;;;7752;35;7753;60;;;7751.5;0.0
3;12700;AMETHYSTS;9996;2;9995;30;;;10000;4;10004;2;10005;30;9998.0;0.0
3;12700;GIFT_BASKET;69579;2;69578;19;69577;30;69590;2;69591;19;69592;30;69584.5;0.0
3;12700;ORCHIDS;1084;6;1083;3;1076;55;1092;6;1093;3;1100;55;1088.0;0.0
3;12700;STRAWBERRIES;3980;176;;;;;3982;176;;;;;3981.0;0.0
3;12700;COCONUT_COUPON;608;51;;;;;609;51;;;;;608.5;0.0
3;12800;CHOCOLATE;7753;43;7752;65;;;7754;108;;;;;7753.5;0.0
3;12800;GIFT_BASKET;69584;2;69583;16;69582;28;69594;2;69595;16;69597;28;69589.0;0.0
3;12800;COCONUT_COUPON;608;46;;;;;609;46;;;;;608.5;0.0
3;12800;STARFRUIT;5004;7;5003;24;;;5010;24;;;;;5007.0;0.0
3;12800;ORCHIDS;1084;5;1083;4;1076;43;1092;5;1093;4;1100;43;1088.0;0.0
3;12800;ROSES;14426;75;;;;;14428;75;;;;;14427.0;0.0
3;12800;COCONUT;9975;125;9974;70;;;9976;125;9977;70;;;9975.5;0.0
3;12800;STRAWBERRIES;3980;202;;;;;3981;65;3982;137;;;3980.5;0.0
3;12800;AMETHYSTS;9998;4;9996;2;9995;22;10004;2;10005;22;;;10001.0;0.0
3;12900;ORCHIDS;1083;5;1082;3;1075;46;1091;5;1092;3;1099;46;1087.0;0.0
3;12900;STRAWBERRIES;3980;254;;;;;3981;76;3982;178;;;3980.5;0.0
3;12900;COCONUT_COUPON;607;45;;;;;608;45;;;;;607.5;0.0
3;12900;STARFRUIT;5003;25;;;;;5010;25;;;;;5006.5;0.0
3;12900;ROSES;14431;62;;;;;14432;62;;;;;14431.5;0.0
3;12900;COCONUT;9976;100;9975;50;;;9977;100;9978;50;;;9976.5;0.0
3;12900;CHOCOLATE;7753;65;7752;76;;;7754;141;;;;;7753.5;0.0
3;12900;AMETHYSTS;9995;25;;;;;10002;9;10005;25;;;9998.5;0.0
3;12900;GIFT_BASKET;69604;6;69598;16;69597;29;69611;16;69612;29;;;69607.5;0.0
3;13000;STRAWBERRIES;3979;234;;;;;3980;8;3981;234;;;3979.5;0.0
3;13000;AMETHYSTS;10002;2;9996;1;9995;23;10004;1;10005;23;;;10003.0;0.0
3;13000;CHOCOLATE;7752;92;;;;;7753;47;7754;53;;;7752.5;0.0
3;13000;GIFT_BASKET;69599;1;69598;17;69597;22;69609;1;69610;17;69611;22;69604.0;0.0
3;13000;COCONUT_COUPON;607;40;;;;;608;40;;;;;607.5;0.0
3;13000;ORCHIDS;1083;7;1082;5;1075;47;1091;7;1092;5;1099;47;1087.0;0.0
3;13000;STARFRUIT;5003;24;;;;;5010;24;;;;;5006.5;0.0
3;13000;ROSES;14430;57;;;;;14431;57;;;;;14430.5;0.0
3;13000;COCONUT;9974;143;9973;50;;;9976;193;;;;;9975.0;0.0
3;13100;STARFRUIT;5004;1;5003;20;;;5010;21;;;;;5007.0;0.0
3;13100;ROSES;14427;78;;;;;14428;29;14429;49;;;14427.5;0.0
3;13100;COCONUT;9974;130;9973;59;;;9976;197;;;;;9975.0;0.0
3;13100;CHOCOLATE;7751;49;7750;78;;;7752;49;7753;78;;;7751.5;0.0
3;13100;GIFT_BASKET;69589;1;69588;10;69586;29;69599;1;69600;10;69601;29;69594.0;0.0
3;13100;AMETHYSTS;9996;1;9995;20;;;10004;1;10005;20;;;10000.0;0.0
3;13100;ORCHIDS;1083;7;1082;4;1075;37;1091;7;1092;4;1099;37;1087.0;0.0
3;13100;STRAWBERRIES;3979;204;;;;;3981;207;;;;;3980.0;0.0
3;13100;COCONUT_COUPON;609;40;;;;;610;40;;;;;609.5;0.0
3;13200;CHOCOLATE;7750;96;;;;;7751;39;7752;57;;;7750.5;0.0
3;13200;GIFT_BASKET;69590;12;69589;20;;;69603;12;69604;20;;;69596.5;0.0
3;13200;COCONUT_COUPON;609;32;;;;;610;32;;;;;609.5;0.0
3;13200;ORCHIDS;1083;5;1082;4;1075;42;1091;5;1092;4;1099;42;1087.0;0.0
3;13200;STARFRUIT;5003;25;;;;;5010;25;;;;;5006.5;0.0
3;13200;ROSES;14426;67;;;;;14427;67;;;;;14426.5;0.0
3;13200;COCONUT;9975;123;9974;74;;;9976;123;9977;74;;;9975.5;0.0
3;13200;STRAWBERRIES;3979;191;;;;;3980;191;;;;;3979.5;0.0
3;13200;AMETHYSTS;9998;4;9995;25;;;10005;25;;;;;10001.5;0.0
3;13300;ORCHIDS;1083;8;1082;4;1075;53;1091;8;1092;4;1099;53;1087.0;0.0
3;13300;STRAWBERRIES;3978;193;;;;;3980;193;;;;;3979.0;0.0
3;13300;COCONUT_COUPON;609;47;;;;;610;47;;;;;609.5;0.0
3;13300;STARFRUIT;5003;27;;;;;5010;27;;;;;5006.5;0.0
3;13300;ROSES;14426;78;;;;;14428;78;;;;;14427.0;0.0
3;13300;COCONUT;9974;146;9973;80;;;9975;146;9976;80;;;9974.5;0.0
3;13300;CHOCOLATE;7749;108;;;;;7751;108;;;;;7750.0;0.0
3;13300;GIFT_BASKET;69597;3;69591;18;69590;29;69604;18;69605;29;;;69600.5;0.0
3;13300;AMETHYSTS;9995;27;;;;;10002;5;10005;27;;;9998.5;0.0
3;13400;STRAWBERRIES;3978;191;;;;;3979;191;;;;;3978.5;0.0
3;13400;ROSES;14425;67;;;;;14427;67;;;;;14426.0;0.0
3;13400;AMETHYSTS;9996;1;9995;25;;;10004;1;10005;25;;;10000.0;0.0
3;13400;CHOCOLATE;7749;61;7748;82;;;7750;143;;;;;7749.5;0.0
3;13400;GIFT_BASKET;69582;1;69580;16;69579;26;69592;1;69593;16;69594;26;69587.0;0.0
3;13400;COCONUT_COUPON;607;46;;;;;608;43;;;;;607.5;0.0
3;13400;STARFRUIT;5003;26;;;;;5009;1;5010;25;;;5006.0;0.0
3;13400;ORCHIDS;1083;10;1082;4;1075;51;1091;10;1092;4;1099;51;1087.0;0.0
3;13400;COCONUT;9974;178;;;;;9976;101;9977;77;;;9975.0;0.0
3;13500;STARFRUIT;5005;5;5002;26;;;5009;26;;;;;5007.0;0.0
3;13500;COCONUT;9974;122;9973;50;;;9976;177;;;;;9975.0;0.0
3;13500;CHOCOLATE;7748;138;;;;;7750;138;;;;;7749.0;0.0
3;13500;GIFT_BASKET;69576;11;69575;17;;;69589;11;69590;17;;;69582.5;0.0
3;13500;AMETHYSTS;10000;5;9995;26;;;10005;26;;;;;10002.5;0.0
3;13500;ORCHIDS;1083;10;1082;5;1075;47;1091;10;1092;5;1099;47;1087.0;0.0
3;13500;STRAWBERRIES;3977;231;;;;;3978;85;3979;146;;;3977.5;0.0
3;13500;ROSES;14426;47;;;;;14428;47;;;;;14427.0;0.0
3;13500;COCONUT_COUPON;608;28;;;;;609;28;;;;;608.5;0.0
3;13600;CHOCOLATE;7747;151;;;;;7749;151;;;;;7748.0;0.0
3;13600;GIFT_BASKET;69565;1;69564;11;69563;26;69576;1;69577;11;69578;26;69570.5;0.0
3;13600;COCONUT_COUPON;609;38;;;;;610;38;;;;;609.5;0.0
3;13600;STARFRUIT;5007;3;5003;5;5002;21;5009;21;;;;;5008.0;0.0
3;13600;ORCHIDS;1085;5;1084;3;1077;36;1093;5;1094;3;1101;36;1089.0;0.0
3;13600;COCONUT;9975;144;9974;66;;;9977;210;;;;;9976.0;0.0
3;13600;STRAWBERRIES;3977;219;;;;;3979;219;;;;;3978.0;0.0
3;13600;ROSES;14429;75;;;;;14431;75;;;;;14430.0;0.0
3;13600;AMETHYSTS;9998;2;9996;1;9995;20;10004;1;10005;20;;;10001.0;0.0
3;13700;ORCHIDS;1085;7;1084;2;1077;51;1093;7;1094;2;1101;51;1089.0;0.0
3;13700;STRAWBERRIES;3977;241;;;;;3979;241;;;;;3978.0;0.0
3;13700;ROSES;14427;60;;;;;14428;27;14429;33;;;14427.5;0.0
3;13700;COCONUT_COUPON;608;45;;;;;609;45;;;;;608.5;0.0
3;13700;STARFRUIT;5002;28;;;;;5007;1;5009;28;;;5004.5;0.0
3;13700;COCONUT;9974;145;9973;73;;;9976;218;;;;;9975.0;0.0
3;13700;CHOCOLATE;7747;54;7746;73;;;7748;54;7749;73;;;7747.5;0.0
3;13700;GIFT_BASKET;69560;1;69559;17;69558;27;69565;4;69570;1;69571;17;69562.5;0.0
3;13700;AMETHYSTS;9996;1;9995;27;;;10004;1;10005;27;;;10000.0;0.0
3;13800;STRAWBERRIES;3977;211;;;;;3978;211;;;;;3977.5;0.0
3;13800;ROSES;14423;68;;;;;14424;68;;;;;14423.5;0.0
3;13800;AMETHYSTS;9996;1;9995;30;;;10004;1;10005;30;;;10000.0;0.0
3;13800;CHOCOLATE;7747;154;;;;;7749;154;;;;;7748.0;0.0
3;13800;GIFT_BASKET;69556;1;69555;18;69554;20;69567;1;69568;18;69569;20;69561.5;0.0
3;13800;COCONUT_COUPON;607;39;;;;;608;39;;;;;607.5;0.0
3;13800;STARFRUIT;5002;31;;;;;5007;6;5008;1;5009;30;5004.5;0.0
3;13800;ORCHIDS;1084;7;1083;3;1076;55;1092;7;1093;3;1100;55;1088.0;0.0
3;13800;COCONUT;9974;148;9973;59;;;9975;148;9976;59;;;9974.5;0.0
3;13900;STARFRUIT;5001;21;;;;;5006;5;5008;21;;;5003.5;0.0
3;13900;COCONUT;9973;112;9972;48;;;9974;117;9975;48;;;9973.5;0.0
3;13900;CHOCOLATE;7746;52;7745;56;;;7747;108;;;;;7746.5;0.0
3;13900;GIFT_BASKET;69557;1;69556;20;69555;29;69568;1;69569;20;69570;29;69562.5;0.0
3;13900;AMETHYSTS;9996;1;9995;20;;;10004;1;10005;20;;;10000.0;0.0
3;13900;ORCHIDS;1085;6;1082;10;1081;5;1090;10;1091;5;1098;50;1087.5;0.0
3;13900;STRAWBERRIES;3977;226;;;;;3979;226;;;;;3978.0;0.0
3;13900;ROSES;14420;74;;;;;14421;29;14422;45;;;14420.5;0.0
3;13900;COCONUT_COUPON;608;50;;;;;609;50;;;;;608.5;0.0
3;14000;CHOCOLATE;7747;54;7746;76;;;7748;130;;;;;7747.5;0.0
3;14000;GIFT_BASKET;69555;1;69554;16;69553;23;69566;1;69567;16;69568;23;69560.5;0.0
3;14000;COCONUT_COUPON;607;40;;;;;608;40;;;;;607.5;0.0
3;14000;ORCHIDS;1083;10;1082;4;1075;55;1091;10;1092;4;1099;55;1087.0;0.0
3;14000;COCONUT;9972;134;9971;52;;;9973;128;9974;52;;;9972.5;0.0
3;14000;STARFRUIT;5001;30;;;;;5008;30;;;;;5004.5;0.0
3;14000;STRAWBERRIES;3977;258;;;;;3979;258;;;;;3978.0;0.0
3;14000;ROSES;14416;23;14415;35;;;14417;58;;;;;14416.5;0.0
3;14000;AMETHYSTS;9996;1;9995;29;;;10004;1;10005;29;;;10000.0;0.0
3;14100;AMETHYSTS;9996;1;9995;23;;;9998;1;10004;1;10005;23;9997.0;0.0
3;14100;ORCHIDS;1083;9;1082;4;1075;42;1091;9;1092;4;1099;42;1087.0;0.0
3;14100;STRAWBERRIES;3978;238;;;;;3979;238;;;;;3978.5;0.0
3;14100;COCONUT_COUPON;605;35;;;;;606;35;;;;;605.5;0.0
3;14100;ROSES;14413;59;;;;;14415;59;;;;;14414.0;0.0
3;14100;COCONUT;9972;141;9971;79;;;9973;141;9974;79;;;9972.5;0.0
3;14100;STARFRUIT;5006;1;5001;24;;;5007;1;5008;23;;;5006.5;0.0
3;14100;CHOCOLATE;7747;54;7746;75;;;7748;129;;;;;7747.5;0.0
3;14100;GIFT_BASKET;69557;1;69556;10;69554;24;69567;1;69568;10;69569;24;69562.0;0.0
3;14200;STRAWBERRIES;3978;172;;;;;3979;172;;;;;3978.5;0.0
3;14200;ROSES;14413;20;14412;48;;;14414;68;;;;;14413.5;0.0
3;14200;COCONUT_COUPON;607;37;;;;;609;37;;;;;608.0;0.0
3;14200;CHOCOLATE;7746;118;;;;;7748;118;;;;;7747.0;0.0
3;14200;GIFT_BASKET;69559;2;69558;15;69557;20;69570;2;69571;15;69572;20;69564.5;0.0
3;14200;AMETHYSTS;9996;2;9995;25;;;10004;2;10005;25;;;10000.0;0.0
3;14200;ORCHIDS;1084;8;1083;2;1076;48;1092;8;1093;2;1100;48;1088.0;0.0
3;14200;COCONUT;9974;105;9973;80;;;9976;185;;;;;9975.0;0.0
3;14200;STARFRUIT;5000;27;;;;;5007;27;;;;;5003.5;0.0
3;14300;COCONUT;9974;141;9973;46;;;9975;141;9976;46;;;9974.5;0.0
3;14300;STARFRUIT;5000;26;;;;;5007;26;;;;;5003.5;0.0
3;14300;CHOCOLATE;7749;54;7748;61;;;7750;115;;;;;7749.5;0.0
3;14300;GIFT_BASKET;69569;2;69568;17;69567;18;69580;2;69581;17;69582;18;69574.5;0.0
3;14300;AMETHYSTS;9996;2;9995;24;;;10002;3;10004;2;10005;24;9999.0;0.0
3;14300;ORCHIDS;1083;7;1082;5;1075;48;1091;7;1092;5;1099;48;1087.0;0.0
3;14300;STRAWBERRIES;3977;220;;;;;3979;220;;;;;3978.0;0.0
3;14300;COCONUT_COUPON;607;37;;;;;608;37;;;;;607.5;0.0
3;14300;ROSES;14408;18;14407;46;;;14409;64;;;;;14408.5;0.0
3;14400;COCONUT_COUPON;606;37;;;;;607;37;;;;;606.5;0.0
3;14400;CHOCOLATE;7749;98;;;;;7750;42;7751;56;;;7749.5;0.0
3;14400;GIFT_BASKET;69567;1;69566;20;69565;16;69572;6;69578;1;69579;20;69569.5;0.0
3;14400;AMETHYSTS;10000;5;9996;1;9995;28;10002;5;10004;1;10005;28;10001.0;0.0
3;14400;ORCHIDS;1082;10;1081;2;1074;58;1091;10;1092;2;1099;58;1086.5;0.0
3;14400;COCONUT;9973;117;9972;40;;;9974;127;9975;40;;;9973.5;0.0
3;14400;STARFRUIT;5003;5;5001;1;5000;28;5007;29;;;;;5005.0;0.0
3;14400;STRAWBERRIES;3977;196;;;;;3979;196;;;;;3978.0;0.0
3;14400;ROSES;14408;16;14407;36;;;14409;52;;;;;14408.5;0.0
3;14500;AMETHYSTS;9996;1;9995;24;;;10004;1;10005;24;;;10000.0;0.0
3;14500;STRAWBERRIES;3977;270;;;;;3979;270;;;;;3978.0;0.0
3;14500;COCONUT_COUPON;607;38;;;;;608;38;;;;;607.5;0.0
3;14500;ORCHIDS;1082;5;1081;3;1074;47;1090;5;1091;3;1098;47;1086.0;0.0
3;14500;ROSES;14407;54;;;;;14409;54;;;;;14408.0;0.0
3;14500;COCONUT;9973;129;9972;43;;;9975;172;;;;;9974.0;0.0
3;14500;STARFRUIT;5000;25;;;;;5005;8;5007;25;;;5002.5;0.0
3;14500;CHOCOLATE;7748;148;;;;;7750;148;;;;;7749.0;0.0
3;14500;GIFT_BASKET;69552;1;69551;18;69550;19;69563;1;69564;18;69565;19;69557.5;0.0
3;14600;STRAWBERRIES;3978;187;;;;;3979;187;;;;;3978.5;0.0
3;14600;ROSES;14403;16;14402;49;;;14404;65;;;;;14403.5;0.0
3;14600;GIFT_BASKET;69555;2;69554;13;69553;16;69565;2;69566;13;69567;16;69560.0;0.0
3;14600;COCONUT_COUPON;608;31;;;;;609;31;;;;;608.5;0.0
3;14600;CHOCOLATE;7749;115;;;;;7750;51;7751;64;;;7749.5;0.0
3;14600;ORCHIDS;1082;9;1081;5;1074;45;1090;9;1091;5;1098;45;1086.0;0.0
3;14600;AMETHYSTS;9998;4;9996;2;9995;23;10004;2;10005;23;;;10001.0;0.0
3;14600;COCONUT;9976;121;9975;43;;;9977;121;9978;43;;;9976.5;0.0
3;14600;STARFRUIT;5001;25;;;;;5006;3;5007;2;5008;23;5003.5;0.0
3;14700;COCONUT;9978;110;9977;49;;;9979;110;9980;49;;;9978.5;0.0
3;14700;STARFRUIT;5006;2;5002;2;5001;20;5008;22;;;;;5007.0;0.0
3;14700;GIFT_BASKET;69550;2;69549;19;69548;20;69561;2;69562;19;69563;20;69555.5;0.0
3;14700;CHOCOLATE;7747;49;7746;70;;;7748;49;7749;70;;;7747.5;0.0
3;14700;AMETHYSTS;9996;2;9995;20;;;9998;9;10004;2;10005;20;9997.0;0.0
3;14700;STRAWBERRIES;3978;258;;;;;3979;258;;;;;3978.5;0.0
3;14700;COCONUT_COUPON;607;41;;;;;608;41;;;;;607.5;0.0
3;14700;ORCHIDS;1081;5;1080;4;1073;44;1089;5;1090;4;1097;44;1085.0;0.0
3;14700;ROSES;14401;54;;;;;14403;54;;;;;14402.0;0.0
3;14800;GIFT_BASKET;69542;19;69541;15;;;69555;19;69556;15;;;69548.5;0.0
3;14800;COCONUT_COUPON;607;34;;;;;609;34;;;;;608.0;0.0
3;14800;ORCHIDS;1082;10;1081;3;1074;55;1090;10;1091;3;1098;55;1086.0;0.0
3;14800;AMETHYSTS;9995;26;;;;;10005;26;;;;;10000.0;0.0
3;14800;COCONUT;9976;107;9975;50;;;9978;157;;;;;9977.0;0.0
3;14800;STARFRUIT;5002;26;;;;;5009;26;;;;;5005.5;0.0
3;14800;CHOCOLATE;7747;39;7746;58;;;7748;97;;;;;7747.5;0.0
3;14800;ROSES;14396;57;;;;;14398;57;;;;;14397.0;0.0
3;14800;STRAWBERRIES;3978;58;3977;171;;;3979;229;;;;;3978.5;0.0
3;14900;AMETHYSTS;9996;1;9995;30;;;10004;1;10005;30;;;10000.0;0.0
3;14900;STRAWBERRIES;3978;233;;;;;3980;225;;;;;3979.0;0.0
3;14900;COCONUT_COUPON;610;38;;;;;611;38;;;;;610.5;0.0
3;14900;ORCHIDS;1081;10;1080;3;1073;57;1089;10;1090;3;1097;57;1085.0;0.0
3;14900;ROSES;14398;50;;;;;14399;50;;;;;14398.5;0.0
3;14900;COCONUT;9977;104;9976;75;;;9978;104;9979;75;;;9977.5;0.0
3;14900;STARFRUIT;5003;31;;;;;5009;1;5010;30;;;5006.0;0.0
3;14900;CHOCOLATE;7747;158;;;;;7748;63;7749;95;;;7747.5;0.0
3;14900;GIFT_BASKET;69547;1;69546;17;69545;20;69558;1;69559;17;69560;20;69552.5;0.0
3;15000;ROSES;14397;27;14396;30;;;14398;57;;;;;14397.5;0.0
3;15000;STRAWBERRIES;3978;268;;;;;3979;80;3980;188;;;3978.5;0.0
3;15000;GIFT_BASKET;69560;4;69555;2;69554;17;69566;2;69567;17;69568;27;69563.0;0.0
3;15000;COCONUT_COUPON;609;46;;;;;610;46;;;;;609.5;0.0
3;15000;ORCHIDS;1080;8;1079;5;1072;50;1088;8;1089;5;1096;50;1084.0;0.0
3;15000;AMETHYSTS;9996;2;9995;25;;;9998;5;10002;1;10004;2;9997.0;0.0
3;15000;COCONUT;9975;108;9974;51;;;9976;108;9977;51;;;9975.5;0.0
3;15000;STARFRUIT;5003;6;5002;25;;;5009;2;5010;25;;;5006.0;0.0
3;15000;CHOCOLATE;7749;42;7748;80;;;7750;128;;;;;7749.5;0.0
3;15100;COCONUT;9974;101;9973;66;;;9976;167;;;;;9975.0;0.0
3;15100;CHOCOLATE;7748;97;;;;;7749;36;7750;61;;;7748.5;0.0
3;15100;STARFRUIT;5003;4;5002;25;;;5009;25;;;;;5006.0;0.0
3;15100;GIFT_BASKET;69549;2;69548;12;69547;15;69560;2;69561;12;69562;15;69554.5;0.0
3;15100;AMETHYSTS;9996;2;9995;23;;;9998;2;10004;2;10005;23;9997.0;0.0
3;15100;STRAWBERRIES;3978;261;;;;;3980;261;;;;;3979.0;0.0
3;15100;COCONUT_COUPON;608;10;;;;;609;14;610;15;;;608.5;0.0
3;15100;ORCHIDS;1081;6;1080;2;1073;41;1089;6;1090;2;1097;41;1085.0;0.0
3;15100;ROSES;14398;15;14397;38;;;14399;53;;;;;14398.5;0.0
3;15200;GIFT_BASKET;69554;1;69553;19;69552;19;69565;1;69566;19;69567;19;69559.5;0.0
3;15200;COCONUT_COUPON;610;39;;;;;611;39;;;;;610.5;0.0
3;15200;ORCHIDS;1081;6;1080;4;1073;45;1089;6;1090;4;1097;45;1085.0;0.0
3;15200;COCONUT;9975;116;9974;58;;;9977;174;;;;;9976.0;0.0
3;15200;AMETHYSTS;9996;1;9995;20;;;10004;1;10005;20;;;10000.0;0.0
3;15200;CHOCOLATE;7748;150;;;;;7750;150;;;;;7749.0;0.0
3;15200;STARFRUIT;5003;1;5002;20;;;5007;3;5009;21;;;5005.0;0.0
3;15200;ROSES;14401;56;;;;;14402;19;14403;37;;;14401.5;0.0
3;15200;STRAWBERRIES;3978;203;;;;;3979;87;3980;116;;;3978.5;0.0
3;15300;AMETHYSTS;9995;30;;;;;10005;30;;;;;10000.0;0.0
3;15300;STRAWBERRIES;3978;64;3977;145;;;3979;209;;;;;3978.5;0.0
3;15300;COCONUT_COUPON;607;16;;;;;608;34;;;;;607.5;0.0
3;15300;ORCHIDS;1081;7;1080;4;1073;47;1086;8;1089;7;1090;4;1083.5;0.0
3;15300;ROSES;14402;71;;;;;14404;71;;;;;14403.0;0.0
3;15300;COCONUT;9974;119;9973;62;;;9976;188;;;;;9975.0;0.0
3;15300;CHOCOLATE;7750;65;7749;64;;;7751;129;;;;;7750.5;0.0
3;15300;STARFRUIT;5002;30;;;;;5009;30;;;;;5005.5;0.0
3;15300;GIFT_BASKET;69550;10;69549;24;;;69563;10;69564;24;;;69556.5;0.0
3;15400;ROSES;14402;64;;;;;14403;26;14404;38;;;14402.5;0.0
3;15400;STRAWBERRIES;3977;229;;;;;3979;229;;;;;3978.0;0.0
3;15400;GIFT_BASKET;69535;1;69534;19;69533;26;69546;1;69547;19;69548;26;69540.5;0.0
3;15400;COCONUT_COUPON;607;46;;;;;608;46;;;;;607.5;0.0
3;15400;ORCHIDS;1081;6;1080;3;1073;49;1090;6;1091;3;1098;49;1085.5;0.0
3;15400;COCONUT;9974;101;9973;49;;;9975;101;9976;49;;;9974.5;0.0
3;15400;AMETHYSTS;9996;1;9995;24;;;10004;1;10005;24;;;10000.0;0.0
3;15400;CHOCOLATE;7748;105;;;;;7750;105;;;;;7749.0;0.0
3;15400;STARFRUIT;5003;25;;;;;5010;25;;;;;5006.5;0.0
3;15500;COCONUT;9974;139;9973;44;;;9975;139;9976;44;;;9974.5;0.0
3;15500;CHOCOLATE;7748;49;7747;98;;;7749;147;;;;;7748.5;0.0
3;15500;STARFRUIT;5004;6;5003;29;;;5010;29;;;;;5007.0;0.0
3;15500;GIFT_BASKET;69542;11;69541;27;;;69555;11;69556;27;;;69548.5;0.0
3;15500;AMETHYSTS;9998;10;9995;29;;;10005;29;;;;;10001.5;0.0
3;15500;STRAWBERRIES;3978;247;;;;;3980;247;;;;;3979.0;0.0
3;15500;COCONUT_COUPON;607;38;;;;;609;38;;;;;608.0;0.0
3;15500;ORCHIDS;1079;7;1078;2;1071;47;1087;7;1088;2;1095;47;1083.0;0.0
3;15500;ROSES;14402;77;;;;;14404;77;;;;;14403.0;0.0
3;15600;GIFT_BASKET;69531;17;69530;20;;;69543;17;69544;20;;;69537.0;0.0
3;15600;COCONUT_COUPON;608;57;;;;;610;37;;;;;609.0;0.0
3;15600;ORCHIDS;1080;10;1079;4;1072;50;1088;10;1089;4;1096;50;1084.0;0.0
3;15600;COCONUT;9974;209;;;;;9976;147;9977;62;;;9975.0;0.0
3;15600;AMETHYSTS;9995;23;;;;;10005;23;;;;;10000.0;0.0
3;15600;CHOCOLATE;7747;36;7746;94;;;7748;36;7749;94;;;7747.5;0.0
3;15600;STARFRUIT;5003;23;;;;;5008;2;5010;23;;;5005.5;0.0
3;15600;ROSES;14401;67;;;;;14402;67;;;;;14401.5;0.0
3;15600;STRAWBERRIES;3978;223;;;;;3979;223;;;;;3978.5;0.0
3;15700;AMETHYSTS;9998;2;9996;2;9995;22;10004;2;10005;22;;;10001.0;0.0
3;15700;STRAWBERRIES;3978;236;;;;;3979;236;;;;;3978.5;0.0
3;15700;ROSES;14400;67;;;;;14402;67;;;;;14401.0;0.0
3;15700;COCONUT_COUPON;609;43;;;;;610;43;;;;;609.5;0.0
3;15700;ORCHIDS;1080;10;1079;5;1072;44;1088;10;1089;5;1096;44;1084.0;0.0
3;15700;COCONUT;9974;174;;;;;9976;118;9977;56;;;9975.0;0.0
3;15700;CHOCOLATE;7746;47;7745;88;;;7747;135;;;;;7746.5;0.0
3;15700;STARFRUIT;5004;3;5003;24;;;5010;24;;;;;5007.0;0.0
3;15700;GIFT_BASKET;69529;2;69528;12;69527;29;69540;2;69541;12;69542;29;69534.5;0.0
3;15800;ROSES;14405;19;14404;37;;;14406;56;;;;;14405.5;0.0
3;15800;STRAWBERRIES;3978;235;;;;;3980;235;;;;;3979.0;0.0
3;15800;COCONUT_COUPON;610;32;;;;;611;17;612;32;;;610.5;0.0
3;15800;ORCHIDS;1079;6;1078;5;1071;48;1087;6;1088;5;1095;48;1083.0;0.0
3;15800;COCONUT;9976;137;9975;56;;;9977;137;9978;56;;;9976.5;0.0
3;15800;AMETHYSTS;9995;29;;;;;10005;29;;;;;10000.0;0.0
3;15800;CHOCOLATE;7746;142;;;;;7748;142;;;;;7747.0;0.0
3;15800;STARFRUIT;5002;29;;;;;5009;29;;;;;5005.5;0.0
3;15800;GIFT_BASKET;69543;13;69542;19;;;69556;13;69557;19;;;69549.5;0.0
3;15900;COCONUT;9976;133;9975;66;;;9978;199;;;;;9977.0;0.0
3;15900;STARFRUIT;5002;23;;;;;5005;2;5008;1;5009;22;5003.5;0.0
3;15900;CHOCOLATE;7747;150;;;;;7748;56;7749;94;;;7747.5;0.0
3;15900;GIFT_BASKET;69553;1;69552;15;69551;30;69564;1;69565;15;69566;30;69558.5;0.0
3;15900;AMETHYSTS;9996;1;9995;22;;;10000;2;10004;1;10005;22;9998.0;0.0
3;15900;STRAWBERRIES;3979;90;3978;187;;;3980;281;;;;;3979.5;0.0
3;15900;ROSES;14403;30;14402;47;;;14404;77;;;;;14403.5;0.0
3;15900;COCONUT_COUPON;612;46;;;;;613;46;;;;;612.5;0.0
3;15900;ORCHIDS;1085;3;1080;9;1079;2;1088;9;1089;2;1096;46;1086.5;0.0
3;16000;COCONUT_COUPON;610;47;;;;;611;47;;;;;610.5;0.0
3;16000;ORCHIDS;1078;7;1077;3;1070;53;1086;7;1087;3;1094;53;1082.0;0.0
3;16000;COCONUT;9975;138;9974;74;;;9976;138;9977;74;;;9975.5;0.0
3;16000;AMETHYSTS;10002;1;9996;2;9995;27;10004;2;10005;27;;;10003.0;0.0
3;16000;STARFRUIT;5002;29;;;;;5008;2;5009;27;;;5005.0;0.0
3;16000;CHOCOLATE;7747;120;;;;;7748;60;7749;60;;;7747.5;0.0
3;16000;GIFT_BASKET;69550;2;69549;19;69548;26;69560;2;69561;19;69562;26;69555.0;0.0
3;16000;ROSES;14402;72;;;;;14403;72;;;;;14402.5;0.0
3;16000;STRAWBERRIES;3979;202;;;;;3981;202;;;;;3980.0;0.0
3;16100;AMETHYSTS;10000;6;9995;27;;;10005;27;;;;;10002.5;0.0
3;16100;STRAWBERRIES;3979;285;;;;;3980;90;3981;195;;;3979.5;0.0
3;16100;ROSES;14402;61;;;;;14403;61;;;;;14402.5;0.0
3;16100;COCONUT_COUPON;609;28;;;;;610;28;;;;;609.5;0.0
3;16100;ORCHIDS;1078;5;1077;3;1070;45;1086;5;1087;3;1094;45;1082.0;0.0
3;16100;COCONUT;9975;147;;;;;9977;102;9978;45;;;9976.0;0.0
3;16100;STARFRUIT;5005;6;5002;27;;;5009;27;;;;;5007.0;0.0
3;16100;CHOCOLATE;7746;151;;;;;7748;151;;;;;7747.0;0.0
3;16100;GIFT_BASKET;69547;13;69546;15;;;69560;13;69561;15;;;69553.5;0.0
3;16200;STARFRUIT;5003;8;5002;25;;;5008;1;5009;24;;;5005.5;0.0
3;16200;ROSES;14403;23;14402;43;;;14404;66;;;;;14403.5;0.0
3;16200;STRAWBERRIES;3980;91;3979;194;;;3981;285;;;;;3980.5;0.0
3;16200;COCONUT_COUPON;610;36;;;;;611;36;;;;;610.5;0.0
3;16200;ORCHIDS;1077;6;1076;3;1069;42;1085;6;1086;3;1093;42;1081.0;0.0
3;16200;COCONUT;9975;202;;;;;9977;131;9978;71;;;9976.0;0.0
3;16200;AMETHYSTS;9996;1;9995;24;;;10002;9;10004;1;10005;24;9999.0;0.0
3;16200;CHOCOLATE;7747;155;;;;;7748;64;7749;91;;;7747.5;0.0
3;16200;GIFT_BASKET;69562;1;69561;12;69560;23;69573;1;69574;12;69575;23;69567.5;0.0
3;16300;COCONUT;9976;115;9975;63;;;9977;115;9978;63;;;9976.5;0.0
3;16300;COCONUT_COUPON;609;37;;;;;610;19;611;18;;;609.5;0.0
3;16300;CHOCOLATE;7746;128;;;;;7747;44;7748;84;;;7746.5;0.0
3;16300;GIFT_BASKET;69556;19;69555;18;;;69569;19;69570;18;;;69562.5;0.0
3;16300;AMETHYSTS;9995;21;;;;;10005;21;;;;;10000.0;0.0
3;16300;STRAWBERRIES;3980;84;3979;189;;;3981;273;;;;;3980.5;0.0
3;16300;STARFRUIT;5002;21;;;;;5009;21;;;;;5005.5;0.0
3;16300;ROSES;14404;65;;;;;14405;18;14406;47;;;14404.5;0.0
3;16300;ORCHIDS;1077;8;1076;3;1069;48;1082;5;1085;8;1086;3;1079.5;0.0
3;16400;ORCHIDS;1081;6;1077;9;1076;4;1085;9;1086;4;1093;46;1083.0;0.0
3;16400;COCONUT;9977;119;9976;79;;;9978;119;9979;79;;;9977.5;0.0
3;16400;AMETHYSTS;9995;21;;;;;10002;7;10005;21;;;9998.5;0.0
3;16400;CHOCOLATE;7747;53;7746;73;;;7748;53;7749;73;;;7747.5;0.0
3;16400;GIFT_BASKET;69547;16;69546;15;;;69560;16;69561;15;;;69553.5;0.0
3;16400;STARFRUIT;5002;21;;;;;5009;21;;;;;5005.5;0.0
3;16400;ROSES;14400;65;;;;;14402;65;;;;;14401.0;0.0
3;16400;STRAWBERRIES;3980;73;3979;123;;;3981;196;;;;;3980.5;0.0
3;16400;COCONUT_COUPON;610;31;;;;;611;31;;;;;610.5;0.0
3;16500;AMETHYSTS;9996;2;9995;21;;;10004;2;10005;21;;;10000.0;0.0
3;16500;STRAWBERRIES;3980;219;;;;;3982;216;;;;;3981.0;0.0
3;16500;STARFRUIT;5008;1;5003;23;;;5010;23;;;;;5009.0;0.0
3;16500;ROSES;14399;18;14398;35;;;14400;53;;;;;14399.5;0.0
3;16500;ORCHIDS;1077;5;1076;5;1069;42;1085;5;1086;5;1093;42;1081.0;0.0
3;16500;COCONUT;9976;148;9975;74;;;9977;148;9978;74;;;9976.5;0.0
3;16500;COCONUT_COUPON;609;36;;;;;610;36;;;;;609.5;0.0
3;16500;CHOCOLATE;7746;58;7745;77;;;7747;135;;;;;7746.5;0.0
3;16500;GIFT_BASKET;69554;1;69549;2;69548;16;69560;2;69561;16;69562;18;69557.0;0.0
3;16600;STARFRUIT;5003;29;;;;;5009;1;5010;28;;;5006.0;0.0
3;16600;ROSES;14398;61;;;;;14399;61;;;;;14398.5;0.0
3;16600;STRAWBERRIES;3980;210;;;;;3981;74;3982;139;;;3980.5;0.0
3;16600;COCONUT_COUPON;608;29;;;;;609;29;;;;;608.5;0.0
3;16600;ORCHIDS;1077;5;1076;4;1069;43;1085;5;1086;4;1093;43;1081.0;0.0
3;16600;COCONUT;9977;131;9976;48;;;9978;131;9979;48;;;9977.5;0.0
3;16600;AMETHYSTS;9996;1;9995;28;;;10004;1;10005;28;;;10000.0;0.0
3;16600;CHOCOLATE;7745;119;;;;;7747;119;;;;;7746.0;0.0
3;16600;GIFT_BASKET;69540;1;69538;10;69537;18;69550;1;69551;10;69552;18;69545.0;0.0
3;16700;COCONUT;9977;144;9976;78;;;9978;144;9979;78;;;9977.5;0.0
3;16700;COCONUT_COUPON;608;37;;;;;610;37;;;;;609.0;0.0
3;16700;CHOCOLATE;7744;105;;;;;7745;42;7746;63;;;7744.5;0.0
3;16700;GIFT_BASKET;69529;1;69527;13;69526;23;69539;1;69540;13;69541;23;69534.0;0.0
3;16700;AMETHYSTS;10002;1;9998;4;9996;1;10004;1;10005;21;;;10003.0;0.0
3;16700;STRAWBERRIES;3980;242;;;;;3982;242;;;;;3981.0;0.0
3;16700;STARFRUIT;5002;21;;;;;5003;9;5009;22;;;5002.5;0.0
3;16700;ROSES;14398;53;;;;;14400;53;;;;;14399.0;0.0
3;16700;ORCHIDS;1076;7;1075;5;1068;41;1085;7;1086;5;1093;41;1080.5;0.0
3;16800;ORCHIDS;1077;10;1076;5;1069;54;1082;10;1085;10;1086;5;1079.5;0.0
3;16800;AMETHYSTS;9996;2;9995;24;;;10004;2;10005;24;;;10000.0;0.0
3;16800;CHOCOLATE;7744;116;;;;;7746;116;;;;;7745.0;0.0
3;16800;GIFT_BASKET;69533;2;69531;20;69530;18;69543;2;69544;20;69545;18;69538.0;0.0
3;16800;STARFRUIT;5003;26;;;;;5008;1;5010;26;;;5005.5;0.0
3;16800;ROSES;14399;51;;;;;14401;51;;;;;14400.0;0.0
3;16800;COCONUT;9978;117;9977;42;;;9979;117;9980;42;;;9978.5;0.0
3;16800;STRAWBERRIES;3980;218;;;;;3982;218;;;;;3981.0;0.0
3;16800;COCONUT_COUPON;609;58;;;;;610;40;;;;;609.5;0.0
3;16900;STRAWBERRIES;3981;86;3980;153;;;3982;239;;;;;3981.5;0.0
3;16900;AMETHYSTS;10002;4;9995;23;;;10005;23;;;;;10003.5;0.0
3;16900;STARFRUIT;5009;1;5003;23;;;5010;23;;;;;5009.5;0.0
3;16900;ORCHIDS;1077;7;1076;2;1069;47;1085;7;1086;2;1093;47;1081.0;0.0
3;16900;ROSES;14400;63;;;;;14401;17;14402;46;;;14400.5;0.0
3;16900;COCONUT;9979;211;;;;;9981;147;9982;64;;;9980.0;0.0
3;16900;GIFT_BASKET;69528;17;69527;17;;;69541;17;69542;17;;;69534.5;0.0
3;16900;COCONUT_COUPON;609;34;;;;;611;34;;;;;610.0;0.0
3;16900;CHOCOLATE;7746;35;7745;86;;;7747;35;7748;86;;;7746.5;0.0
3;17000;STARFRUIT;5004;6;5003;24;;;5010;24;;;;;5007.0;0.0
3;17000;ROSES;14400;55;;;;;14401;55;;;;;14400.5;0.0
3;17000;COCONUT;9979;147;;;;;9981;107;9982;40;;;9980.0;0.0
3;17000;STRAWBERRIES;3981;198;;;;;3982;198;;;;;3981.5;0.0
3;17000;COCONUT_COUPON;608;28;;;;;609;17;610;28;;;608.5;0.0
3;17000;ORCHIDS;1075;8;1074;2;1067;42;1083;8;1084;2;1091;42;1079.0;0.0
3;17000;CHOCOLATE;7745;51;7744;80;;;7746;131;;;;;7745.5;0.0
3;17000;AMETHYSTS;9996;1;9995;23;;;10004;1;10005;23;;;10000.0;0.0
3;17000;GIFT_BASKET;69526;1;69525;11;69524;16;69537;1;69538;11;69539;16;69531.5;0.0
3;17100;CHOCOLATE;7745;135;;;;;7747;135;;;;;7746.0;0.0
3;17100;GIFT_BASKET;69531;13;69530;27;;;69543;13;69544;27;;;69537.0;0.0
3;17100;COCONUT_COUPON;607;40;;;;;608;40;;;;;607.5;0.0
3;17100;STRAWBERRIES;3981;215;;;;;3982;215;;;;;3981.5;0.0
3;17100;AMETHYSTS;9998;5;9995;29;;;10005;29;;;;;10001.5;0.0
3;17100;STARFRUIT;5003;29;;;;;5010;29;;;;;5006.5;0.0
3;17100;ORCHIDS;1073;10;1072;4;1065;52;1081;10;1082;4;1089;52;1077.0;0.0
3;17100;ROSES;14397;70;;;;;14398;70;;;;;14397.5;0.0
3;17100;COCONUT;9978;182;;;;;9980;123;9981;59;;;9979.0;0.0
3;17200;ORCHIDS;1073;10;1072;2;1065;52;1081;10;1082;2;1089;52;1077.0;0.0
3;17200;CHOCOLATE;7745;154;;;;;7747;154;;;;;7746.0;0.0
3;17200;AMETHYSTS;10002;1;9996;1;9995;29;10004;1;10005;29;;;10003.0;0.0
3;17200;GIFT_BASKET;69531;1;69530;13;69529;30;69542;1;69543;13;69544;30;69536.5;0.0
3;17200;STARFRUIT;5004;1;5003;29;;;5010;30;;;;;5007.0;0.0
3;17200;ROSES;14393;80;;;;;14395;80;;;;;14394.0;0.0
3;17200;COCONUT;9978;105;9977;50;;;9980;155;;;;;9979.0;0.0
3;17200;STRAWBERRIES;3980;294;;;;;3982;294;;;;;3981.0;0.0
3;17200;COCONUT_COUPON;606;54;;;;;607;44;;;;;606.5;0.0
3;17300;STRAWBERRIES;3980;277;;;;;3982;277;;;;;3981.0;0.0
3;17300;AMETHYSTS;9998;5;9996;1;9995;22;10004;1;10005;22;;;10001.0;0.0
3;17300;STARFRUIT;5005;2;5004;23;;;5010;1;5011;22;;;5007.5;0.0
3;17300;ORCHIDS;1072;8;1071;2;1064;46;1080;8;1081;2;1088;46;1076.0;0.0
3;17300;ROSES;14390;23;14389;32;;;14391;55;;;;;14390.5;0.0
3;17300;COCONUT;9980;124;9979;54;;;9981;124;9982;54;;;9980.5;0.0
3;17300;CHOCOLATE;7747;159;;;;;7749;159;;;;;7748.0;0.0
3;17300;GIFT_BASKET;69540;1;69539;16;69538;23;69551;1;69552;16;69553;23;69545.5;0.0
3;17300;COCONUT_COUPON;606;40;;;;;607;40;;;;;606.5;0.0
3;17400;STARFRUIT;5004;30;;;;;5005;1;5009;4;5011;30;5004.5;0.0
3;17400;ROSES;14391;65;;;;;14393;65;;;;;14392.0;0.0
3;17400;COCONUT;9977;138;9976;73;;;9979;211;;;;;9978.0;0.0
3;17400;STRAWBERRIES;3981;210;;;;;3982;210;;;;;3981.5;0.0
3;17400;COCONUT_COUPON;605;39;;;;;606;39;;;;;605.5;0.0
3;17400;ORCHIDS;1070;8;1069;3;1062;56;1078;8;1079;3;1086;56;1074.0;0.0
3;17400;CHOCOLATE;7747;49;7746;100;;;7748;149;;;;;7747.5;0.0
3;17400;GIFT_BASKET;69531;1;69530;19;69529;19;69541;1;69542;19;69543;19;69536.0;0.0
3;17400;AMETHYSTS;9998;7;9996;1;9995;29;10004;1;10005;29;;;10001.0;0.0
3;17500;CHOCOLATE;7747;123;;;;;7749;123;;;;;7748.0;0.0
3;17500;GIFT_BASKET;69539;2;69538;17;69537;24;69549;2;69550;17;69552;24;69544.0;0.0
3;17500;COCONUT_COUPON;604;55;;;;;605;43;;;;;604.5;0.0
3;17500;STRAWBERRIES;3981;253;;;;;3983;253;;;;;3982.0;0.0
3;17500;AMETHYSTS;9998;6;9996;2;9995;27;10004;2;10005;27;;;10001.0;0.0
3;17500;ORCHIDS;1073;5;1072;3;1065;49;1081;5;1082;3;1089;49;1077.0;0.0
3;17500;STARFRUIT;5004;29;;;;;5010;2;5011;27;;;5007.0;0.0
3;17500;ROSES;14395;54;;;;;14396;24;14397;30;;;14395.5;0.0
3;17500;COCONUT;9977;135;9976;46;;;9978;135;9979;46;;;9977.5;0.0
3;17600;ORCHIDS;1073;5;1072;4;1065;41;1081;5;1082;4;1089;41;1077.0;0.0
3;17600;CHOCOLATE;7747;102;;;;;7748;38;7749;64;;;7747.5;0.0
3;17600;GIFT_BASKET;69544;1;69543;13;69542;27;69555;1;69556;13;69557;27;69549.5;0.0
3;17600;AMETHYSTS;10002;1;9996;1;9995;23;10004;1;10005;23;;;10003.0;0.0
3;17600;STARFRUIT;5003;24;;;;;5008;5;5010;24;;;5005.5;0.0
3;17600;ROSES;14392;64;;;;;14394;64;;;;;14393.0;0.0
3;17600;COCONUT;9976;219;;;;;9978;144;9979;75;;;9977.0;0.0
3;17600;STRAWBERRIES;3981;200;;;;;3982;64;3983;142;;;3981.5;0.0
3;17600;COCONUT_COUPON;604;41;;;;;605;41;;;;;604.5;0.0
3;17700;STRAWBERRIES;3981;175;;;;;3983;175;;;;;3982.0;0.0
3;17700;AMETHYSTS;9995;21;;;;;10005;21;;;;;10000.0;0.0
3;17700;ORCHIDS;1074;8;1073;5;1066;40;1079;7;1082;8;1083;5;1076.5;0.0
3;17700;STARFRUIT;5004;8;5003;21;;;5010;21;;;;;5007.0;0.0
3;17700;ROSES;14388;61;;;;;14389;29;14390;32;;;14388.5;0.0
3;17700;COCONUT;9975;5;9974;193;;;9976;143;9977;50;;;9975.5;0.0
3;17700;CHOCOLATE;7747;118;;;;;7748;54;7749;64;;;7747.5;0.0
3;17700;GIFT_BASKET;69549;11;69548;29;;;69561;11;69563;29;;;69555.0;0.0
3;17700;COCONUT_COUPON;603;40;;;;;604;40;;;;;603.5;0.0
3;17800;STARFRUIT;5003;28;;;;;5008;4;5010;28;;;5005.5;0.0
3;17800;COCONUT;9973;141;9972;70;;;9975;211;;;;;9974.0;0.0
3;17800;STRAWBERRIES;3981;64;3980;193;;;3982;257;;;;;3981.5;0.0
3;17800;ROSES;14387;14;14386;39;;;14388;58;;;;;14387.5;0.0
