day;timestamp;product;bid_price_1;bid_volume_1;bid_price_2;bid_volume_2;bid_price_3;bid_volume_3;ask_price_1;ask_volume_1;ask_price_2;ask_volume_2;ask_price_3;ask_volume_3;mid_price;profit_and_loss
4;0;STARFRUIT;4906;2;4905;20;;;4912;22;;;;;4909.0;0.0
4;0;STRAWBERRIES;3957;199;;;;;3959;199;;;;;3958.0;0.0
4;0;COCONUT;9883;133;9882;47;;;9884;133;9885;47;;;9883.5;0.0
4;0;COCONUT_COUPON;574;45;;;;;575;45;;;;;574.5;0.0
4;0;ROSES;13712;63;;;;;13714;63;;;;;13713.0;0.0
4;0;ORCHIDS;1099;6;1097;4;1090;45;1107;6;1108;4;1116;45;1103.0;0.0
4;0;GIFT_BASKET;69141;2;69140;19;69139;24;69152;2;69153;19;69154;24;69146.5;0.0
4;0;CHOCOLATE;7832;129;;;;;7833;37;7834;92;;;7832.5;0.0
4;0;AMETHYSTS;9998;3;9996;2;9995;20;10004;2;10005;20;;;10001.0;0.0
4;100;COCONUT;9885;109;9884;57;;;9886;109;9887;57;;;9885.5;0.0
4;100;CHOCOLATE;7831;104;;;;;7832;46;7833;58;;;7831.5;0.0
4;100;COCONUT_COUPON;575;39;;;;;576;39;;;;;575.5;0.0
4;100;STRAWBERRIES;3957;231;;;;;3959;231;;;;;3958.0;0.0
4;100;AMETHYSTS;9998;6;9996;1;9995;27;10000;5;10004;1;10005;27;9999.0;0.0
4;100;ROSES;13712;53;;;;;13713;20;13714;33;;;13712.5;0.0
4;100;STARFRUIT;4906;1;4905;27;;;4908;5;4912;28;;;4907.0;0.0
4;100;ORCHIDS;1099;6;1097;2;1090;51;1107;6;1109;2;1116;51;1103.0;0.0
4;100;GIFT_BASKET;69130;7;69125;1;69124;18;69136;1;69137;18;69138;20;69133.0;0.0
4;200;ORCHIDS;1099;6;1098;2;1090;43;1107;6;1109;2;1116;43;1103.0;0.0
4;200;GIFT_BASKET;69157;1;69146;2;69145;15;69158;15;69159;15;;;69157.5;0.0
4;200;CHOCOLATE;7833;146;;;;;7835;146;;;;;7834.0;0.0
4;200;AMETHYSTS;9996;2;9995;22;;;10004;2;10005;22;;;10000.0;0.0
4;200;STARFRUIT;4906;24;;;;;4912;2;4913;22;;;4909.0;0.0
4;200;STRAWBERRIES;3957;290;;;;;3959;290;;;;;3958.0;0.0
4;200;COCONUT;9884;104;9883;69;;;9886;173;;;;;9885.0;0.0
4;200;COCONUT_COUPON;575;32;;;;;576;32;;;;;575.5;0.0
4;200;ROSES;13713;58;;;;;13714;58;;;;;13713.5;0.0
4;300;AMETHYSTS;9996;2;9995;28;;;10004;2;10005;28;;;10000.0;0.0
4;300;ROSES;13711;51;;;;;13712;51;;;;;13711.5;0.0
4;300;STARFRUIT;4906;30;;;;;4912;2;4913;28;;;4909.0;0.0
4;300;ORCHIDS;1098;6;1097;4;1089;50;1106;6;1108;4;1115;50;1102.0;0.0
4;300;GIFT_BASKET;69138;3;69133;2;69132;16;69144;2;69145;16;69146;15;69141.0;0.0
4;300;CHOCOLATE;7833;116;;;;;7835;108;;;;;7834.0;0.0
4;300;COCONUT;9886;145;9885;67;;;9887;145;9888;67;;;9886.5;0.0
4;300;COCONUT_COUPON;576;43;;;;;578;33;;;;;577.0;0.0
4;300;STRAWBERRIES;3957;205;;;;;3958;60;3959;145;;;3957.5;0.0
4;400;STARFRUIT;4906;20;;;;;4913;20;;;;;4909.5;0.0
4;400;STRAWBERRIES;3957;275;;;;;3959;275;;;;;3958.0;0.0
4;400;COCONUT;9884;165;;;;;9886;104;9887;61;;;9885.0;0.0
4;400;COCONUT_COUPON;576;34;;;;;577;34;;;;;576.5;0.0
4;400;ROSES;13707;74;;;;;13708;74;;;;;13707.5;0.0
4;400;ORCHIDS;1098;7;1096;5;1089;37;1106;7;1108;5;1115;37;1102.0;0.0
4;400;GIFT_BASKET;69131;10;69130;24;;;69143;10;69144;24;;;69137.0;0.0
4;400;CHOCOLATE;7834;35;7833;80;;;7835;35;7836;80;;;7834.5;0.0
4;400;AMETHYSTS;9995;20;;;;;10005;20;;;;;10000.0;0.0
4;500;CHOCOLATE;7831;136;;;;;7833;136;;;;;7832.0;0.0
4;500;COCONUT;9884;208;;;;;9886;130;9887;78;;;9885.0;0.0
4;500;COCONUT_COUPON;577;51;;;;;578;51;;;;;577.5;0.0
4;500;STRAWBERRIES;3957;268;;;;;3958;268;;;;;3957.5;0.0
4;500;AMETHYSTS;10002;2;9996;2;9995;27;10004;2;10005;27;;;10003.0;0.0
4;500;ROSES;13707;75;;;;;13709;75;;;;;13708.0;0.0
4;500;STARFRUIT;4911;5;4907;2;4906;27;4913;29;;;;;4912.0;0.0
4;500;ORCHIDS;1098;10;1096;2;1089;56;1106;10;1107;2;1115;56;1102.0;0.0
4;500;GIFT_BASKET;69122;2;69121;19;69119;30;69132;2;69133;19;69134;30;69127.0;0.0
4;600;ORCHIDS;1099;7;1097;5;1090;42;1107;7;1108;5;1116;42;1103.0;0.0
4;600;GIFT_BASKET;69125;1;69124;12;69123;26;69130;1;69136;1;69137;12;69127.5;0.0
4;600;CHOCOLATE;7832;39;7831;100;;;7833;139;;;;;7832.5;0.0
4;600;AMETHYSTS;9996;1;9995;23;;;10004;1;10005;23;;;10000.0;0.0
4;600;STARFRUIT;4906;24;;;;;4912;1;4913;23;;;4909.0;0.0
4;600;STRAWBERRIES;3956;254;;;;;3958;254;;;;;3957.0;0.0
4;600;COCONUT;9884;130;9883;75;;;9885;130;9886;75;;;9884.5;0.0
4;600;COCONUT_COUPON;577;39;;;;;578;39;;;;;577.5;0.0
4;600;ROSES;13708;66;;;;;13709;66;;;;;13708.5;0.0
4;700;ROSES;13708;55;;;;;13709;24;13710;31;;;13708.5;0.0
4;700;ORCHIDS;1102;10;1098;5;1097;3;1106;5;1108;3;1115;52;1104.0;0.0
4;700;AMETHYSTS;9996;2;9995;29;;;10004;2;10005;29;;;10000.0;0.0
4;700;GIFT_BASKET;69133;2;69132;18;69131;24;69144;2;69145;18;69146;24;69138.5;0.0
4;700;STARFRUIT;4910;4;4906;31;;;4913;31;;;;;4911.5;0.0
4;700;CHOCOLATE;7831;37;7830;80;;;7832;37;7833;80;;;7831.5;0.0
4;700;COCONUT;9884;130;9883;64;;;9885;120;9886;64;;;9884.5;0.0
4;700;COCONUT_COUPON;577;44;;;;;578;44;;;;;577.5;0.0
4;700;STRAWBERRIES;3957;206;;;;;3959;206;;;;;3958.0;0.0
4;800;STARFRUIT;4906;23;;;;;4912;2;4913;21;;;4909.0;0.0
4;800;STRAWBERRIES;3957;273;;;;;3958;277;;;;;3957.5;0.0
4;800;COCONUT;9884;124;9883;76;;;9885;124;9886;76;;;9884.5;0.0
4;800;COCONUT_COUPON;577;38;;;;;578;38;;;;;577.5;0.0
4;800;ROSES;13705;64;;;;;13706;64;;;;;13705.5;0.0
4;800;ORCHIDS;1098;10;1097;3;1089;47;1107;10;1108;3;1116;47;1102.5;0.0
4;800;AMETHYSTS;9996;2;9995;21;;;10004;2;10005;21;;;10000.0;0.0
4;800;GIFT_BASKET;69135;2;69134;16;69133;20;69146;2;69147;16;69148;20;69140.5;0.0
4;800;CHOCOLATE;7832;159;;;;;7833;55;7834;97;;;7832.5;0.0
4;900;CHOCOLATE;7832;63;7831;58;;;7833;121;;;;;7832.5;0.0
4;900;COCONUT;9884;189;;;;;9885;7;9886;123;9887;66;9884.5;0.0
4;900;COCONUT_COUPON;576;44;;;;;578;44;;;;;577.0;0.0
4;900;STRAWBERRIES;3957;229;;;;;3958;229;;;;;3957.5;0.0
4;900;ROSES;13700;77;;;;;13701;4;13702;77;;;13700.5;0.0
4;900;ORCHIDS;1098;9;1097;2;1089;44;1107;9;1108;2;1116;44;1102.5;0.0
4;900;AMETHYSTS;9995;21;;;;;10005;21;;;;;10000.0;0.0
4;900;GIFT_BASKET;69128;14;69127;30;;;69141;14;69142;30;;;69134.5;0.0
4;900;STARFRUIT;4905;21;;;;;4912;21;;;;;4908.5;0.0
4;1000;ORCHIDS;1099;5;1097;4;1090;45;1107;5;1108;4;1116;45;1103.0;0.0
4;1000;AMETHYSTS;9996;2;9995;26;;;10002;7;10004;2;10005;26;9999.0;0.0
4;1000;GIFT_BASKET;69131;2;69130;14;69129;23;69142;2;69143;14;69144;23;69136.5;0.0
4;1000;CHOCOLATE;7831;107;;;;;7833;107;;;;;7832.0;0.0
4;1000;STARFRUIT;4906;27;;;;;4912;2;4913;26;;;4909.0;0.0
4;1000;STRAWBERRIES;3957;240;;;;;3958;59;3959;181;;;3957.5;0.0
4;1000;COCONUT;9885;107;9884;50;;;9887;157;;;;;9886.0;0.0
4;1000;COCONUT_COUPON;576;39;;;;;577;39;;;;;576.5;0.0
4;1000;ROSES;13699;70;;;;;13701;70;;;;;13700.0;0.0
4;1100;ROSES;13700;61;;;;;13702;61;;;;;13701.0;0.0
4;1100;ORCHIDS;1098;9;1097;4;1089;48;1107;9;1108;4;1116;48;1102.5;0.0
4;1100;AMETHYSTS;9995;24;;;;;9998;1;10005;24;;;9996.5;0.0
4;1100;GIFT_BASKET;69136;15;69135;20;;;69148;15;69149;20;;;69142.0;0.0
4;1100;STARFRUIT;4907;23;;;;;4912;3;4914;24;;;4909.5;0.0
4;1100;CHOCOLATE;7831;44;7830;79;;;7832;44;7833;79;;;7831.5;0.0
4;1100;COCONUT;9885;130;9884;69;;;9887;199;;;;;9886.0;0.0
4;1100;COCONUT_COUPON;576;35;;;;;577;35;;;;;576.5;0.0
4;1100;STRAWBERRIES;3957;264;;;;;3959;264;;;;;3958.0;0.0
4;1200;STARFRUIT;4907;24;;;;;4913;24;;;;;4910.0;0.0
4;1200;STRAWBERRIES;3957;185;;;;;3959;185;;;;;3958.0;0.0
4;1200;COCONUT_COUPON;575;48;;;;;576;48;;;;;575.5;0.0
4;1200;COCONUT;9884;100;9883;42;;;9886;142;;;;;9885.0;0.0
4;1200;ROSES;13703;77;;;;;13704;77;;;;;13703.5;0.0
4;1200;ORCHIDS;1099;8;1098;5;1090;49;1107;8;1109;5;1116;49;1103.0;0.0
4;1200;AMETHYSTS;9996;1;9995;23;;;10004;1;10005;23;;;10000.0;0.0
4;1200;GIFT_BASKET;69142;1;69141;18;69140;29;69147;1;69153;1;69154;18;69144.5;0.0
4;1200;CHOCOLATE;7832;50;7831;66;;;7833;116;;;;;7832.5;0.0
4;1300;CHOCOLATE;7831;112;;;;;7832;44;7833;68;;;7831.5;0.0
4;1300;COCONUT_COUPON;574;29;;;;;575;29;;;;;574.5;0.0
4;1300;COCONUT;9884;110;9883;45;;;9885;110;9886;45;;;9884.5;0.0
4;1300;ORCHIDS;1100;8;1099;3;1091;47;1108;8;1110;3;1117;47;1104.0;0.0
4;1300;STRAWBERRIES;3958;72;3957;158;;;3959;226;;;;;3958.5;0.0
4;1300;ROSES;13701;52;;;;;13703;52;;;;;13702.0;0.0
4;1300;AMETHYSTS;10002;2;9995;26;;;10005;26;;;;;10003.5;0.0
4;1300;STARFRUIT;4907;26;;;;;4913;26;;;;;4910.0;0.0
4;1300;GIFT_BASKET;69134;13;69133;16;;;69147;13;69148;16;;;69140.5;0.0
4;1400;AMETHYSTS;9996;2;9995;22;;;10002;7;10004;2;10005;22;9999.0;0.0
4;1400;GIFT_BASKET;69129;2;69128;13;69127;18;69140;2;69141;13;69142;18;69134.5;0.0
4;1400;STRAWBERRIES;3958;77;3957;123;;;3959;200;;;;;3958.5;0.0
4;1400;STARFRUIT;4907;24;;;;;4913;2;4914;22;;;4910.0;0.0
4;1400;CHOCOLATE;7829;57;7828;77;;;7830;57;7831;77;;;7829.5;0.0
4;1400;COCONUT_COUPON;575;33;;;;;576;33;;;;;575.5;0.0
4;1400;COCONUT;9882;119;9881;42;;;9884;161;;;;;9883.0;0.0
4;1400;ROSES;13697;68;;;;;13699;68;;;;;13698.0;0.0
4;1400;ORCHIDS;1100;10;1099;3;1091;45;1109;10;1110;3;1118;45;1104.5;0.0
4;1500;STRAWBERRIES;3957;251;;;;;3959;251;;;;;3958.0;0.0
4;1500;ROSES;13694;77;;;;;13696;77;;;;;13695.0;0.0
4;1500;AMETHYSTS;9996;1;9995;24;;;10004;1;10005;24;;;10000.0;0.0
4;1500;STARFRUIT;4907;1;4906;24;;;4913;25;;;;;4910.0;0.0
4;1500;CHOCOLATE;7829;60;7828;53;;;7830;60;7831;53;;;7829.5;0.0
4;1500;GIFT_BASKET;69114;1;69113;11;69111;30;69124;1;69125;11;69126;30;69119.0;0.0
4;1500;COCONUT_COUPON;575;42;;;;;576;42;;;;;575.5;0.0
4;1500;COCONUT;9883;220;;;;;9885;146;9886;74;;;9884.0;0.0
4;1500;ORCHIDS;1101;7;1100;2;1092;42;1109;7;1111;2;1118;42;1105.0;0.0
4;1600;STARFRUIT;4907;27;;;;;4908;8;4914;27;;;4907.5;0.0
4;1600;CHOCOLATE;7828;126;;;;;7830;126;;;;;7829.0;0.0
4;1600;COCONUT_COUPON;574;35;;;;;575;35;;;;;574.5;0.0
4;1600;COCONUT;9882;104;9881;78;;;9883;104;9884;78;;;9882.5;0.0
4;1600;ROSES;13693;55;;;;;13694;55;;;;;13693.5;0.0
4;1600;ORCHIDS;1101;9;1100;5;1092;51;1109;9;1111;5;1118;51;1105.0;0.0
4;1600;AMETHYSTS;9995;27;;;;;10005;27;;;;;10000.0;0.0
4;1600;GIFT_BASKET;69130;4;69124;15;69123;20;69137;15;69138;20;;;69133.5;0.0
4;1600;STRAWBERRIES;3957;233;;;;;3959;233;;;;;3958.0;0.0
4;1700;COCONUT_COUPON;576;53;;;;;577;43;;;;;576.5;0.0
4;1700;COCONUT;9882;141;9881;48;;;9883;130;9884;48;;;9882.5;0.0
4;1700;ORCHIDS;1101;7;1099;3;1092;49;1109;7;1111;3;1118;49;1105.0;0.0
4;1700;STRAWBERRIES;3957;229;;;;;3959;229;;;;;3958.0;0.0
4;1700;ROSES;13695;24;13694;31;;;13696;55;;;;;13695.5;0.0
4;1700;AMETHYSTS;9996;1;9995;24;;;10004;1;10005;24;;;10000.0;0.0
4;1700;STARFRUIT;4907;25;;;;;4913;25;;;;;4910.0;0.0
4;1700;CHOCOLATE;7830;158;;;;;7832;158;;;;;7831.0;0.0
4;1700;GIFT_BASKET;69145;1;69144;18;69143;24;69155;1;69156;18;69157;24;69150.0;0.0
4;1800;AMETHYSTS;9996;2;9995;27;;;9998;1;10004;2;10005;27;9997.0;0.0
4;1800;GIFT_BASKET;69144;8;69139;2;69138;15;69149;2;69150;15;69151;24;69146.5;0.0
4;1800;STRAWBERRIES;3958;73;3957;151;;;3959;224;;;;;3958.5;0.0
4;1800;STARFRUIT;4907;2;4906;27;;;4913;29;;;;;4910.0;0.0
4;1800;CHOCOLATE;7831;112;;;;;7833;112;;;;;7832.0;0.0
4;1800;COCONUT_COUPON;575;41;;;;;577;41;;;;;576.0;0.0
4;1800;COCONUT;9882;134;9881;46;;;9883;134;9884;46;;;9882.5;0.0
4;1800;ROSES;13690;66;;;;;13691;66;;;;;13690.5;0.0
4;1800;ORCHIDS;1101;5;1099;5;1092;47;1109;5;1110;5;1118;47;1105.0;0.0
4;1900;STRAWBERRIES;3958;68;3957;136;;;3959;204;;;;;3958.5;0.0
4;1900;ROSES;13688;56;;;;;13690;56;;;;;13689.0;0.0
4;1900;AMETHYSTS;9995;29;;;;;10005;29;;;;;10000.0;0.0
4;1900;STARFRUIT;4907;28;;;;;4911;2;4913;29;;;4909.0;0.0
4;1900;CHOCOLATE;7831;42;7830;68;;;7832;110;;;;;7831.5;0.0
4;1900;GIFT_BASKET;69138;16;69137;20;;;69151;16;69152;20;;;69144.5;0.0
4;1900;COCONUT_COUPON;578;36;;;;;579;36;;;;;578.5;0.0
4;1900;COCONUT;9883;108;9882;73;;;9884;108;9885;73;;;9883.5;0.0
4;1900;ORCHIDS;1104;10;1101;8;1099;2;1109;8;1110;2;1118;53;1106.5;0.0
4;2000;STARFRUIT;4907;24;;;;;4913;24;;;;;4910.0;0.0
4;2000;CHOCOLATE;7830;141;;;;;7832;141;;;;;7831.0;0.0
4;2000;COCONUT_COUPON;577;28;;;;;578;28;;;;;577.5;0.0
4;2000;COCONUT;9881;158;;;;;9883;112;9884;46;;;9882.0;0.0
4;2000;ROSES;13686;57;;;;;13688;57;;;;;13687.0;0.0
4;2000;ORCHIDS;1101;7;1099;4;1092;44;1109;7;1110;4;1118;44;1105.0;0.0
4;2000;AMETHYSTS;9995;24;;;;;10002;7;10005;24;;;9998.5;0.0
4;2000;GIFT_BASKET;69130;13;69129;15;;;69143;13;69144;15;;;69136.5;0.0
4;2000;STRAWBERRIES;3958;282;;;;;3959;290;;;;;3958.5;0.0
4;2100;COCONUT_COUPON;576;36;;;;;577;36;;;;;576.5;0.0
4;2100;COCONUT;9881;192;;;;;9883;184;;;;;9882.0;0.0
4;2100;ORCHIDS;1101;7;1099;3;1092;39;1109;7;1110;3;1118;39;1105.0;0.0
4;2100;STRAWBERRIES;3957;159;;;;;3959;159;;;;;3958.0;0.0
4;2100;ROSES;13686;67;;;;;13687;67;;;;;13686.5;0.0
4;2100;AMETHYSTS;9996;2;9995;21;;;10000;5;10004;2;10005;21;9998.0;0.0
4;2100;STARFRUIT;4907;23;;;;;4910;5;4913;2;4914;21;4908.5;0.0
4;2100;CHOCOLATE;7831;52;7830;58;;;7832;110;;;;;7831.5;0.0
4;2100;GIFT_BASKET;69135;2;69134;11;69133;23;69145;2;69147;11;69148;23;69140.0;0.0
4;2200;AMETHYSTS;10002;1;9998;9;9995;24;10005;24;;;;;10003.5;0.0
4;2200;GIFT_BASKET;69137;20;69136;30;;;69150;20;69151;30;;;69143.5;0.0
4;2200;STRAWBERRIES;3957;208;;;;;3958;88;3959;120;;;3957.5;0.0
4;2200;STARFRUIT;4907;24;;;;;4914;24;;;;;4910.5;0.0
4;2200;CHOCOLATE;7831;47;7830;88;;;7832;135;;;;;7831.5;0.0
4;2200;COCONUT_COUPON;577;50;;;;;578;50;;;;;577.5;0.0
4;2200;ROSES;13685;67;;;;;13686;30;13687;37;;;13685.5;0.0
4;2200;COCONUT;9881;124;9880;56;;;9882;124;9883;56;;;9881.5;0.0
4;2200;ORCHIDS;1101;10;1099;5;1092;54;1109;10;1110;5;1118;54;1105.0;0.0
4;2300;STRAWBERRIES;3957;291;;;;;3959;291;;;;;3958.0;0.0
4;2300;ROSES;13682;70;;;;;13684;70;;;;;13683.0;0.0
4;2300;AMETHYSTS;9996;2;9995;25;;;10004;2;10005;25;;;10000.0;0.0
4;2300;STARFRUIT;4907;27;;;;;4912;6;4913;27;;;4909.5;0.0
4;2300;CHOCOLATE;7829;162;;;;;7831;162;;;;;7830.0;0.0
4;2300;GIFT_BASKET;69131;2;69130;10;69129;26;69142;2;69143;10;69144;26;69136.5;0.0
4;2300;COCONUT_COUPON;577;38;;;;;578;38;;;;;577.5;0.0
4;2300;ORCHIDS;1101;9;1099;4;1092;44;1109;9;1110;4;1118;44;1105.0;0.0
4;2300;COCONUT;9881;179;;;;;9883;114;9884;65;;;9882.0;0.0
4;2400;STARFRUIT;4906;27;;;;;4907;1;4913;27;;;4906.5;0.0
4;2400;CHOCOLATE;7829;109;;;;;7830;38;7831;71;;;7829.5;0.0
4;2400;GIFT_BASKET;69129;1;69128;17;69127;16;69139;1;69140;17;69141;16;69134.0;0.0
4;2400;COCONUT_COUPON;576;34;;;;;577;34;;;;;576.5;0.0
4;2400;ROSES;13685;16;13684;30;;;13686;46;;;;;13685.5;0.0
4;2400;ORCHIDS;1100;6;1099;3;1091;49;1108;6;1110;3;1117;49;1104.0;0.0
4;2400;COCONUT;9882;145;9881;78;;;9884;223;;;;;9883.0;0.0
4;2400;AMETHYSTS;9996;1;9995;26;;;10004;1;10005;26;;;10000.0;0.0
4;2400;STRAWBERRIES;3956;264;;;;;3958;264;;;;;3957.0;0.0
4;2500;GIFT_BASKET;69142;1;69141;12;69140;28;69152;1;69153;12;69154;28;69147.0;0.0
4;2500;COCONUT_COUPON;576;41;;;;;577;41;;;;;576.5;0.0
4;2500;ORCHIDS;1100;7;1099;5;1091;45;1108;7;1110;5;1117;45;1104.0;0.0
4;2500;COCONUT;9882;116;9881;51;;;9883;116;9884;51;;;9882.5;0.0
4;2500;ROSES;13688;28;13687;40;;;13689;68;;;;;13688.5;0.0
4;2500;STRAWBERRIES;3955;191;;;;;3957;191;;;;;3956.0;0.0
4;2500;AMETHYSTS;9996;1;9995;26;;;10002;7;10004;1;10005;26;9999.0;0.0
4;2500;STARFRUIT;4906;27;;;;;4913;27;;;;;4909.5;0.0
4;2500;CHOCOLATE;7831;119;;;;;7833;119;;;;;7832.0;0.0
4;2600;AMETHYSTS;9996;2;9995;28;;;10004;2;10005;28;;;10000.0;0.0
4;2600;STRAWBERRIES;3955;216;;;;;3957;216;;;;;3956.0;0.0
4;2600;STARFRUIT;4906;30;;;;;4913;30;;;;;4909.5;0.0
4;2600;CHOCOLATE;7833;149;;;;;7834;63;7835;86;;;7833.5;0.0
4;2600;GIFT_BASKET;69143;2;69142;15;69141;20;69154;2;69155;15;69156;20;69148.5;0.0
4;2600;COCONUT_COUPON;576;37;;;;;577;37;;;;;576.5;0.0
4;2600;ROSES;13690;53;;;;;13691;53;;;;;13690.5;0.0
4;2600;ORCHIDS;1099;6;1098;4;1090;49;1107;6;1109;4;1116;49;1103.0;0.0
4;2600;COCONUT;9882;121;9881;45;;;9883;121;9884;45;;;9882.5;0.0
4;2700;ROSES;13691;63;;;;;13692;30;13693;33;;;13691.5;0.0
4;2700;STRAWBERRIES;3955;202;;;;;3956;61;3957;141;;;3955.5;0.0
4;2700;AMETHYSTS;9998;6;9995;24;;;10005;24;;;;;10001.5;0.0
4;2700;STARFRUIT;4910;8;4905;24;;;4912;24;;;;;4911.0;0.0
4;2700;CHOCOLATE;7831;116;;;;;7832;55;7833;61;;;7831.5;0.0
4;2700;GIFT_BASKET;69136;17;69135;30;;;69149;17;69150;30;;;69142.5;0.0
4;2700;COCONUT_COUPON;577;47;;;;;578;47;;;;;577.5;0.0
4;2700;ORCHIDS;1099;9;1098;5;1090;50;1108;9;1109;5;1117;50;1103.5;0.0
4;2700;COCONUT;9881;117;9880;58;;;9882;117;9883;58;;;9881.5;0.0
4;2800;STARFRUIT;4905;21;;;;;4912;21;;;;;4908.5;0.0
4;2800;CHOCOLATE;7831;104;;;;;7832;42;7833;62;;;7831.5;0.0
4;2800;GIFT_BASKET;69134;11;69133;19;;;69140;4;69146;11;69148;19;69137.0;0.0
4;2800;COCONUT_COUPON;578;30;;;;;579;30;;;;;578.5;0.0
4;2800;ROSES;13693;60;;;;;13694;19;13695;41;;;13693.5;0.0
4;2800;ORCHIDS;1099;8;1098;2;1090;40;1108;8;1109;2;1117;40;1103.5;0.0
4;2800;COCONUT;9880;129;9879;59;;;9881;129;9882;59;;;9880.5;0.0
4;2800;AMETHYSTS;9998;5;9995;21;;;10005;21;;;;;10001.5;0.0
4;2800;STRAWBERRIES;3955;212;;;;;3956;201;;;;;3955.5;0.0
4;2900;GIFT_BASKET;69153;8;69148;2;69147;18;69159;2;69160;18;69161;29;69156.0;0.0
4;2900;ORCHIDS;1099;7;1097;3;1090;49;1107;7;1108;3;1116;49;1103.0;0.0
4;2900;COCONUT;9879;108;9878;56;;;9881;164;;;;;9880.0;0.0
4;2900;COCONUT_COUPON;578;38;;;;;579;49;;;;;578.5;0.0
4;2900;STARFRUIT;4906;2;4905;24;;;4912;26;;;;;4909.0;0.0
4;2900;ROSES;13694;61;;;;;13696;61;;;;;13695.0;0.0
4;2900;STRAWBERRIES;3955;247;;;;;3956;87;3957;160;;;3955.5;0.0
4;2900;CHOCOLATE;7832;135;;;;;7834;135;;;;;7833.0;0.0
4;2900;AMETHYSTS;9996;2;9995;24;;;10002;2;10004;2;10005;24;9999.0;0.0
4;3000;AMETHYSTS;9996;1;9995;21;;;10004;1;10005;21;;;10000.0;0.0
4;3000;STRAWBERRIES;3954;255;;;;;3956;255;;;;;3955.0;0.0
4;3000;CHOCOLATE;7833;110;;;;;7834;55;7835;55;;;7833.5;0.0
4;3000;COCONUT_COUPON;579;43;;;;;580;43;;;;;579.5;0.0
4;3000;GIFT_BASKET;69138;1;69137;16;69136;26;69149;1;69150;16;69151;26;69143.5;0.0
4;3000;STARFRUIT;4911;1;4906;22;;;4912;22;;;;;4911.5;0.0
4;3000;ROSES;13695;26;13694;40;;;13696;66;;;;;13695.5;0.0
4;3000;ORCHIDS;1099;9;1097;3;1090;46;1107;9;1108;3;1116;46;1103.0;0.0
4;3000;COCONUT;9879;200;;;;;9881;126;9882;74;;;9880.0;0.0
4;3100;STARFRUIT;4906;1;4905;28;;;4910;3;4912;30;;;4908.0;0.0
4;3100;ROSES;13690;61;;;;;13692;61;;;;;13691.0;0.0
4;3100;STRAWBERRIES;3955;85;3954;200;;;3956;285;;;;;3955.5;0.0
4;3100;CHOCOLATE;7834;145;;;;;7835;60;7836;85;;;7834.5;0.0
4;3100;AMETHYSTS;9996;2;9995;28;;;10002;8;10004;2;10005;28;9999.0;0.0
4;3100;GIFT_BASKET;69141;2;69140;10;69139;28;69152;2;69153;10;69154;28;69146.5;0.0
4;3100;ORCHIDS;1099;6;1097;4;1090;44;1107;6;1108;4;1116;44;1103.0;0.0
4;3100;COCONUT;9878;136;9877;71;;;9880;207;;;;;9879.0;0.0
4;3100;COCONUT_COUPON;578;40;;;;;579;40;;;;;578.5;0.0
4;3200;CHOCOLATE;7832;38;7831;51;;;7833;38;7834;51;;;7832.5;0.0
4;3200;COCONUT_COUPON;577;34;;;;;578;34;;;;;577.5;0.0
4;3200;GIFT_BASKET;69144;1;69143;11;69142;22;69154;1;69156;11;69157;22;69149.0;0.0
4;3200;STARFRUIT;4906;1;4905;27;;;4912;28;;;;;4909.0;0.0
4;3200;ROSES;13691;59;;;;;13692;59;;;;;13691.5;0.0
4;3200;ORCHIDS;1099;7;1097;3;1090;45;1107;7;1109;3;1116;45;1103.0;0.0
4;3200;COCONUT;9878;153;;;;;9880;113;9881;40;;;9879.0;0.0
4;3200;AMETHYSTS;9996;1;9995;27;;;10004;1;10005;27;;;10000.0;0.0
4;3200;STRAWBERRIES;3954;173;;;;;3956;173;;;;;3955.0;0.0
4;3300;GIFT_BASKET;69152;2;69141;1;69140;19;69153;19;69154;22;;;69152.5;0.0
4;3300;ORCHIDS;1099;7;1098;2;1090;47;1107;7;1109;2;1116;47;1103.0;0.0
4;3300;COCONUT;9878;144;9877;40;;;9879;144;9880;40;;;9878.5;0.0
4;3300;COCONUT_COUPON;575;42;;;;;576;1;577;41;;;575.5;0.0
4;3300;ROSES;13692;56;;;;;13693;56;;;;;13692.5;0.0
4;3300;STARFRUIT;4905;22;;;;;4912;22;;;;;4908.5;0.0
4;3300;STRAWBERRIES;3955;4;3954;258;;;3956;258;;;;;3955.5;0.0
4;3300;CHOCOLATE;7831;103;;;;;7832;42;7833;61;;;7831.5;0.0
4;3300;AMETHYSTS;9998;1;9996;1;9995;21;10004;1;10005;21;;;10001.0;0.0
4;3400;AMETHYSTS;9998;5;9996;1;9995;30;10004;1;10005;30;;;10001.0;0.0
4;3400;STRAWBERRIES;3955;218;;;;;3956;209;;;;;3955.5;0.0
4;3400;COCONUT;9878;108;9877;45;;;9880;153;;;;;9879.0;0.0
4;3400;CHOCOLATE;7829;59;7828;53;;;7830;112;;;;;7829.5;0.0
4;3400;COCONUT_COUPON;575;32;;;;;576;32;;;;;575.5;0.0
4;3400;GIFT_BASKET;69136;1;69135;13;69134;18;69147;1;69148;13;69149;18;69141.5;0.0
4;3400;ROSES;13691;18;13690;48;;;13692;66;;;;;13691.5;0.0
4;3400;STARFRUIT;4905;31;;;;;4911;1;4912;30;;;4908.0;0.0
4;3400;ORCHIDS;1100;8;1099;3;1092;51;1108;8;1109;3;1116;51;1104.0;0.0
4;3500;ROSES;13693;50;;;;;13694;50;;;;;13693.5;0.0
4;3500;STARFRUIT;4905;31;;;;;4911;2;4912;29;;;4908.0;0.0
4;3500;STRAWBERRIES;3955;239;;;;;3956;66;3957;170;;;3955.5;0.0
4;3500;CHOCOLATE;7829;109;;;;;7830;43;7831;66;;;7829.5;0.0
4;3500;AMETHYSTS;9996;2;9995;29;;;10004;2;10005;29;;;10000.0;0.0
4;3500;GIFT_BASKET;69143;3;69138;2;69137;10;69149;2;69150;10;69151;19;69146.0;0.0
4;3500;ORCHIDS;1101;5;1099;5;1092;44;1108;5;1110;5;1117;44;1104.5;0.0
4;3500;COCONUT;9879;182;;;;;9881;133;9882;49;;;9880.0;0.0
4;3500;COCONUT_COUPON;577;31;;;;;578;31;;;;;577.5;0.0
4;3600;COCONUT;9879;116;9878;64;;;9880;116;9881;64;;;9879.5;0.0
4;3600;CHOCOLATE;7828;126;;;;;7829;64;7830;62;;;7828.5;0.0
4;3600;COCONUT_COUPON;577;45;;;;;578;45;;;;;577.5;0.0
4;3600;ROSES;13693;77;;;;;13694;77;;;;;13693.5;0.0
4;3600;STARFRUIT;4906;31;;;;;4912;31;;;;;4909.0;0.0
4;3600;GIFT_BASKET;69133;1;69132;14;69131;30;69144;1;69145;14;69146;30;69138.5;0.0
4;3600;ORCHIDS;1101;8;1099;5;1092;52;1108;8;1110;5;1117;52;1104.5;0.0
4;3600;AMETHYSTS;9996;1;9995;30;;;10002;8;10004;1;10005;30;9999.0;0.0
4;3600;STRAWBERRIES;3955;173;;;;;3957;173;;;;;3956.0;0.0
4;3700;GIFT_BASKET;69128;16;69127;17;;;69140;16;69141;17;;;69134.0;0.0
4;3700;ORCHIDS;1101;6;1099;5;1092;45;1108;6;1110;5;1117;45;1104.5;0.0
4;3700;COCONUT;9878;138;9877;55;;;9880;193;;;;;9879.0;0.0
4;3700;COCONUT_COUPON;576;33;;;;;577;33;;;;;576.5;0.0
4;3700;ROSES;13690;58;;;;;13691;17;13692;41;;;13690.5;0.0
4;3700;STARFRUIT;4907;2;4906;23;;;4913;23;;;;;4910.0;0.0
4;3700;STRAWBERRIES;3955;270;;;;;3956;99;3957;171;;;3955.5;0.0
4;3700;CHOCOLATE;7829;39;7828;99;;;7830;138;;;;;7829.5;0.0
4;3700;AMETHYSTS;10002;5;9995;23;;;10005;23;;;;;10003.5;0.0
4;3800;AMETHYSTS;9996;1;9995;24;;;10002;5;10004;1;10005;24;9999.0;0.0
4;3800;STRAWBERRIES;3956;98;3955;110;;;3957;208;;;;;3956.5;0.0
4;3800;COCONUT;9880;8;9879;187;;;9881;187;;;;;9880.5;0.0
4;3800;CHOCOLATE;7828;60;7827;98;;;7829;158;;;;;7828.5;0.0
4;3800;COCONUT_COUPON;578;22;;;;;579;40;;;;;578.5;0.0
4;3800;ROSES;13693;52;;;;;13694;52;;;;;13693.5;0.0
4;3800;STARFRUIT;4905;25;;;;;4912;25;;;;;4908.5;0.0
4;3800;GIFT_BASKET;69141;1;69140;17;69139;22;69152;1;69153;17;69154;22;69146.5;0.0
4;3800;ORCHIDS;1100;10;1099;2;1092;51;1108;10;1109;2;1116;51;1104.0;0.0
4;3900;ROSES;13691;23;13690;31;;;13692;54;;;;;13691.5;0.0
4;3900;STARFRUIT;4906;24;;;;;4907;2;4912;24;;;4906.5;0.0
4;3900;STRAWBERRIES;3956;89;3955;158;;;3957;257;;;;;3956.5;0.0
4;3900;CHOCOLATE;7827;51;7826;99;;;7828;51;7829;99;;;7827.5;0.0
4;3900;AMETHYSTS;9996;1;9995;23;;;10002;1;10004;1;10005;23;9999.0;0.0
4;3900;GIFT_BASKET;69141;1;69140;10;69139;23;69152;1;69153;10;69154;23;69146.5;0.0
4;3900;ORCHIDS;1100;9;1098;4;1091;42;1107;9;1109;4;1116;42;1103.5;0.0
4;3900;COCONUT;9880;207;;;;;9882;133;9883;74;;;9881.0;0.0
4;3900;COCONUT_COUPON;577;34;;;;;578;34;;;;;577.5;0.0
4;4000;COCONUT;9878;183;;;;;9880;117;9881;66;;;9879.0;0.0
4;4000;CHOCOLATE;7826;137;;;;;7828;137;;;;;7827.0;0.0
4;4000;COCONUT_COUPON;575;43;;;;;576;43;;;;;575.5;0.0
4;4000;STARFRUIT;4906;23;;;;;4913;23;;;;;4909.5;0.0
4;4000;ROSES;13692;24;13691;35;;;13693;59;;;;;13692.5;0.0
4;4000;GIFT_BASKET;69136;19;69135;24;;;69149;19;69150;24;;;69142.5;0.0
4;4000;ORCHIDS;1100;5;1099;2;1092;47;1108;5;1109;2;1116;47;1104.0;0.0
4;4000;AMETHYSTS;9995;23;;;;;10005;23;;;;;10000.0;0.0
4;4000;STRAWBERRIES;3955;178;;;;;3957;178;;;;;3956.0;0.0
4;4100;GIFT_BASKET;69124;17;69123;24;;;69125;3;69136;2;69137;17;69124.5;0.0
4;4100;ORCHIDS;1100;5;1099;2;1092;51;1108;5;1109;2;1116;51;1104.0;0.0
4;4100;COCONUT;9878;137;9877;67;;;9880;204;;;;;9879.0;0.0
4;4100;COCONUT_COUPON;575;21;;;;;576;43;;;;;575.5;0.0
4;4100;STARFRUIT;4906;31;;;;;4907;2;4912;2;4913;29;4906.5;0.0
4;4100;ROSES;13689;24;13688;40;;;13690;64;;;;;13689.5;0.0
4;4100;STRAWBERRIES;3955;233;;;;;3957;233;;;;;3956.0;0.0
4;4100;CHOCOLATE;7826;160;;;;;7827;61;7828;99;;;7826.5;0.0
4;4100;AMETHYSTS;9996;2;9995;29;;;10004;2;10005;29;;;10000.0;0.0
4;4200;AMETHYSTS;9995;30;;;;;10002;10;10005;30;;;9998.5;0.0
4;4200;STRAWBERRIES;3955;254;;;;;3957;254;;;;;3956.0;0.0
4;4200;COCONUT;9878;138;9877;72;;;9880;210;;;;;9879.0;0.0
4;4200;CHOCOLATE;7825;36;7824;85;;;7826;121;;;;;7825.5;0.0
4;4200;COCONUT_COUPON;575;42;;;;;576;42;;;;;575.5;0.0
4;4200;STARFRUIT;4906;30;;;;;4913;30;;;;;4909.5;0.0
4;4200;ROSES;13685;59;;;;;13687;59;;;;;13686.0;0.0
4;4200;GIFT_BASKET;69119;14;69118;28;;;69132;14;69133;28;;;69125.5;0.0
4;4200;ORCHIDS;1103;8;1100;10;1098;4;1107;10;1109;4;1116;54;1105.0;0.0
4;4300;STARFRUIT;4906;24;;;;;4913;24;;;;;4909.5;0.0
4;4300;ROSES;13687;25;13686;43;;;13688;68;;;;;13687.5;0.0
4;4300;STRAWBERRIES;3955;201;;;;;3956;201;;;;;3955.5;0.0
4;4300;CHOCOLATE;7824;103;;;;;7826;103;;;;;7825.0;0.0
4;4300;AMETHYSTS;9998;2;9995;24;;;10005;24;;;;;10001.5;0.0
4;4300;GIFT_BASKET;69117;18;69116;25;;;69130;18;69131;25;;;69123.5;0.0
4;4300;ORCHIDS;1099;6;1098;3;1091;48;1107;6;1108;3;1115;48;1103.0;0.0
4;4300;COCONUT;9878;203;;;;;9880;203;;;;;9879.0;0.0
4;4300;COCONUT_COUPON;574;43;;;;;575;43;;;;;574.5;0.0
4;4400;COCONUT;9880;102;9879;54;;;9881;102;9882;54;;;9880.5;0.0
4;4400;CHOCOLATE;7824;54;7823;95;;;7825;149;;;;;7824.5;0.0
4;4400;COCONUT_COUPON;573;44;;;;;574;44;;;;;573.5;0.0
4;4400;STARFRUIT;4906;20;;;;;4913;20;;;;;4909.5;0.0
4;4400;ROSES;13685;76;;;;;13686;30;13687;46;;;13685.5;0.0
4;4400;GIFT_BASKET;69120;14;69119;30;;;69133;14;69134;30;;;69126.5;0.0
4;4400;ORCHIDS;1103;2;1098;9;1097;2;1106;9;1107;2;1114;43;1104.5;0.0
4;4400;AMETHYSTS;9995;20;;;;;10002;7;10005;20;;;9998.5;0.0
4;4400;STRAWBERRIES;3955;202;;;;;3957;202;;;;;3956.0;0.0
4;4500;ORCHIDS;1098;9;1097;2;1090;51;1100;5;1106;9;1107;2;1099.0;0.0
4;4500;GIFT_BASKET;69123;2;69121;19;69120;24;69133;2;69134;19;69135;24;69128.0;0.0
4;4500;COCONUT;9881;129;9880;54;;;9882;129;9883;54;;;9881.5;0.0
4;4500;COCONUT_COUPON;573;45;;;;;574;45;;;;;573.5;0.0
4;4500;ROSES;13684;68;;;;;13685;68;;;;;13684.5;0.0
4;4500;STARFRUIT;4906;2;4905;23;;;4912;25;;;;;4909.0;0.0
4;4500;STRAWBERRIES;3955;261;;;;;3957;261;;;;;3956.0;0.0
4;4500;CHOCOLATE;7824;121;;;;;7826;121;;;;;7825.0;0.0
4;4500;AMETHYSTS;9996;2;9995;23;;;10002;9;10004;2;10005;23;9999.0;0.0
4;4600;AMETHYSTS;9996;1;9995;23;;;10004;1;10005;23;;;10000.0;0.0
4;4600;ROSES;13683;54;;;;;13684;54;;;;;13683.5;0.0
4;4600;STRAWBERRIES;3954;232;;;;;3956;232;;;;;3955.0;0.0
4;4600;COCONUT;9882;137;9881;58;;;9883;137;9884;58;;;9882.5;0.0
4;4600;CHOCOLATE;7826;143;;;;;7828;143;;;;;7827.0;0.0
4;4600;COCONUT_COUPON;573;39;;;;;574;39;;;;;573.5;0.0
4;4600;STARFRUIT;4907;5;4906;24;;;4912;1;4913;23;;;4909.5;0.0
4;4600;ORCHIDS;1098;7;1097;3;1090;44;1106;7;1107;3;1114;44;1102.0;0.0
4;4600;GIFT_BASKET;69116;4;69112;1;69111;14;69122;1;69123;14;69124;24;69119.0;0.0
4;4700;STARFRUIT;4907;1;4906;24;;;4913;25;;;;;4910.0;0.0
4;4700;STRAWBERRIES;3954;158;;;;;3956;158;;;;;3955.0;0.0
4;4700;CHOCOLATE;7828;47;7827;50;;;7829;90;;;;;7828.5;0.0
4;4700;AMETHYSTS;9996;1;9995;24;;;10004;1;10005;24;;;10000.0;0.0
4;4700;ORCHIDS;1099;8;1098;2;1091;48;1107;8;1108;2;1115;48;1103.0;0.0
4;4700;GIFT_BASKET;69116;1;69115;16;69114;21;69127;1;69128;16;69129;21;69121.5;0.0
4;4700;COCONUT;9883;142;9882;49;;;9884;142;9885;49;;;9883.5;0.0
4;4700;COCONUT_COUPON;574;28;;;;;575;38;;;;;574.5;0.0
4;4700;ROSES;13684;21;13683;50;;;13685;71;;;;;13684.5;0.0
4;4800;CHOCOLATE;7827;42;7826;56;;;7828;98;;;;;7827.5;0.0
4;4800;COCONUT;9882;138;9881;65;;;9883;138;9884;65;;;9882.5;0.0
4;4800;COCONUT_COUPON;573;67;;;;;574;47;;;;;573.5;0.0
4;4800;STARFRUIT;4907;30;;;;;4912;3;4913;2;4914;28;4909.5;0.0
4;4800;ORCHIDS;1098;8;1097;5;1090;53;1106;8;1107;5;1114;53;1102.0;0.0
4;4800;GIFT_BASKET;69111;2;69110;17;69109;28;69122;2;69123;17;69124;28;69116.5;0.0
4;4800;AMETHYSTS;9998;1;9996;2;9995;28;10004;2;10005;28;;;10001.0;0.0
4;4800;ROSES;13688;22;13687;41;;;13689;69;;;;;13688.5;0.0
4;4800;STRAWBERRIES;3954;210;;;;;3955;210;;;;;3954.5;0.0
4;4900;ORCHIDS;1098;5;1097;3;1090;43;1106;5;1107;3;1114;43;1102.0;0.0
4;4900;GIFT_BASKET;69110;13;69109;23;;;69122;13;69123;23;;;69116.0;0.0
4;4900;COCONUT;9883;152;;;;;9885;111;9886;41;;;9884.0;0.0
4;4900;COCONUT_COUPON;572;36;;;;;573;36;;;;;572.5;0.0
4;4900;ROSES;13687;63;;;;;13688;63;;;;;13687.5;0.0
4;4900;STARFRUIT;4907;25;;;;;4914;25;;;;;4910.5;0.0
4;4900;STRAWBERRIES;3954;57;3953;195;;;3955;252;;;;;3954.5;0.0
4;4900;CHOCOLATE;7825;122;;;;;7826;65;7827;57;;;7825.5;0.0
4;4900;AMETHYSTS;9995;25;;;;;10005;25;;;;;10000.0;0.0
4;5000;AMETHYSTS;9996;1;9995;28;;;10004;1;10005;28;;;10000.0;0.0
4;5000;ROSES;13687;59;;;;;13689;59;;;;;13688.0;0.0
4;5000;STRAWBERRIES;3954;234;;;;;3955;58;3956;176;;;3954.5;0.0
4;5000;CHOCOLATE;7824;117;;;;;7826;117;;;;;7825.0;0.0
4;5000;COCONUT;9883;139;9882;65;;;9885;204;;;;;9884.0;0.0
4;5000;COCONUT_COUPON;572;33;;;;;573;33;;;;;572.5;0.0
4;5000;STARFRUIT;4908;1;4907;28;;;4914;29;;;;;4911.0;0.0
4;5000;ORCHIDS;1098;9;1097;3;1090;52;1106;9;1107;3;1114;52;1102.0;0.0
4;5000;GIFT_BASKET;69105;1;69104;15;69103;17;69116;1;69117;15;69118;17;69110.5;0.0
4;5100;STARFRUIT;4907;23;;;;;4908;1;4914;23;;;4907.5;0.0
4;5100;STRAWBERRIES;3954;193;;;;;3955;57;3956;136;;;3954.5;0.0
4;5100;CHOCOLATE;7825;121;;;;;7827;121;;;;;7826.0;0.0
4;5100;AMETHYSTS;9998;4;9996;2;9995;21;10004;2;10005;21;;;10001.0;0.0
4;5100;ORCHIDS;1099;6;1098;2;1091;37;1107;6;1108;2;1115;37;1103.0;0.0
4;5100;GIFT_BASKET;69115;2;69114;10;69113;28;69125;2;69126;10;69127;28;69120.0;0.0
4;5100;COCONUT;9881;144;;;;;9882;9;9883;103;9884;41;9881.5;0.0
4;5100;COCONUT_COUPON;572;40;;;;;573;40;;;;;572.5;0.0
4;5100;ROSES;13687;28;13686;48;;;13688;76;;;;;13687.5;0.0
4;5200;CHOCOLATE;7826;154;;;;;7827;54;7828;100;;;7826.5;0.0
4;5200;COCONUT;9882;133;9881;67;;;9883;133;9884;67;;;9882.5;0.0
4;5200;COCONUT_COUPON;571;30;;;;;572;30;;;;;571.5;0.0
4;5200;ORCHIDS;1099;10;1098;4;1091;49;1107;10;1108;4;1115;49;1103.0;0.0
4;5200;AMETHYSTS;9998;9;9996;1;9995;28;10004;1;10005;28;;;10001.0;0.0
4;5200;GIFT_BASKET;69116;1;69115;11;69114;18;69127;1;69128;11;69129;18;69121.5;0.0
4;5200;STARFRUIT;4907;29;;;;;4912;8;4914;29;;;4909.5;0.0
4;5200;ROSES;13691;54;;;;;13692;54;;;;;13691.5;0.0
4;5200;STRAWBERRIES;3953;207;;;;;3954;100;3955;107;;;3953.5;0.0
4;5300;ORCHIDS;1099;10;1098;2;1091;51;1107;10;1108;2;1115;51;1103.0;0.0
4;5300;AMETHYSTS;9996;2;9995;30;;;9998;1;10002;5;10004;2;9997.0;0.0
4;5300;GIFT_BASKET;69127;2;69126;11;69125;23;69138;2;69139;11;69140;23;69132.5;0.0
4;5300;COCONUT;9882;192;;;;;9883;9;9884;147;9885;45;9882.5;0.0
4;5300;COCONUT_COUPON;572;36;;;;;573;36;;;;;572.5;0.0
4;5300;ROSES;13691;58;;;;;13693;58;;;;;13692.0;0.0
4;5300;STARFRUIT;4907;32;;;;;4913;2;4914;30;;;4910.0;0.0
4;5300;STRAWBERRIES;3953;243;;;;;3954;81;3955;171;;;3953.5;0.0
4;5300;CHOCOLATE;7828;62;7827;81;;;7829;143;;;;;7828.5;0.0
4;5400;ROSES;13689;59;;;;;13690;23;13691;36;;;13689.5;0.0
4;5400;STRAWBERRIES;3953;186;;;;;3954;186;;;;;3953.5;0.0
4;5400;CHOCOLATE;7828;93;;;;;7830;93;;;;;7829.0;0.0
4;5400;COCONUT;9882;124;9881;58;;;9884;182;;;;;9883.0;0.0
4;5400;COCONUT_COUPON;569;41;;;;;570;41;;;;;569.5;0.0
4;5400;ORCHIDS;1100;6;1099;2;1092;45;1108;6;1109;2;1116;45;1104.0;0.0
4;5400;AMETHYSTS;9996;2;9995;23;;;10004;2;10005;23;;;10000.0;0.0
4;5400;GIFT_BASKET;69133;2;69132;16;69131;23;69144;2;69145;16;69146;23;69138.5;0.0
4;5400;STARFRUIT;4908;25;;;;;4914;25;;;;;4911.0;0.0
4;5500;STARFRUIT;4907;19;;;;;4914;20;;;;;4910.5;0.0
4;5500;STRAWBERRIES;3953;207;;;;;3954;100;3955;107;;;3953.5;0.0
4;5500;CHOCOLATE;7828;150;;;;;7829;4;7830;150;;;7828.5;0.0
4;5500;ORCHIDS;1100;6;1099;4;1092;45;1104;9;1108;6;1109;4;1102.0;0.0
4;5500;AMETHYSTS;9995;20;;;;;10005;20;;;;;10000.0;0.0
4;5500;GIFT_BASKET;69140;19;69139;18;;;69153;19;69154;18;;;69146.5;0.0
4;5500;COCONUT;9882;106;9881;76;;;9883;106;9884;76;;;9882.5;0.0
4;5500;COCONUT_COUPON;568;37;;;;;569;37;;;;;568.5;0.0
4;5500;ROSES;13688;51;;;;;13689;51;;;;;13688.5;0.0
4;5600;CHOCOLATE;7828;142;;;;;7830;142;;;;;7829.0;0.0
4;5600;COCONUT;9883;108;9882;52;;;9884;108;9885;52;;;9883.5;0.0
4;5600;COCONUT_COUPON;569;39;;;;;570;39;;;;;569.5;0.0
4;5600;ORCHIDS;1100;8;1099;4;1092;41;1108;8;1109;4;1116;41;1104.0;0.0
4;5600;AMETHYSTS;10002;5;9996;2;9995;23;10004;2;10005;23;;;10003.0;0.0
4;5600;GIFT_BASKET;69142;2;69141;10;69140;27;69153;2;69154;10;69155;27;69147.5;0.0
4;5600;STARFRUIT;4907;25;;;;;4914;25;;;;;4910.5;0.0
4;5600;ROSES;13692;77;;;;;13693;27;13694;50;;;13692.5;0.0
4;5600;STRAWBERRIES;3953;197;;;;;3954;90;3955;107;;;3953.5;0.0
4;5700;AMETHYSTS;9996;1;9995;30;;;10004;1;10005;30;;;10000.0;0.0
4;5700;GIFT_BASKET;69127;1;69126;19;69125;27;69138;1;69139;19;69140;27;69132.5;0.0
4;5700;COCONUT_COUPON;568;47;;;;;570;47;;;;;569.0;0.0
4;5700;COCONUT;9881;102;9880;44;;;9882;102;9883;44;;;9881.5;0.0
4;5700;ROSES;13692;65;;;;;13694;74;;;;;13693.0;0.0
4;5700;ORCHIDS;1099;5;1098;5;1091;54;1104;9;1107;5;1108;5;1101.5;0.0
4;5700;STARFRUIT;4907;31;;;;;4913;31;;;;;4910.0;0.0
4;5700;STRAWBERRIES;3953;229;;;;;3954;229;;;;;3953.5;0.0
4;5700;CHOCOLATE;7829;122;;;;;7830;39;7831;83;;;7829.5;0.0
4;5800;STRAWBERRIES;3953;55;3952;196;;;3954;251;;;;;3953.5;0.0
4;5800;ROSES;13697;60;;;;;13699;60;;;;;13698.0;0.0
4;5800;COCONUT_COUPON;569;40;;;;;570;40;;;;;569.5;0.0
4;5800;COCONUT;9881;102;9880;75;;;9882;102;9883;75;;;9881.5;0.0
4;5800;ORCHIDS;1099;5;1098;2;1091;46;1107;5;1108;2;1115;46;1103.0;0.0
4;5800;AMETHYSTS;9995;21;;;;;10005;21;;;;;10000.0;0.0
4;5800;STARFRUIT;4907;21;;;;;4908;1;4914;21;;;4907.5;0.0
4;5800;CHOCOLATE;7829;95;;;;;7831;95;;;;;7830.0;0.0
4;5800;GIFT_BASKET;69131;20;69130;20;;;69144;20;69145;20;;;69137.5;0.0
4;5900;STARFRUIT;4908;2;4907;24;;;4914;26;;;;;4911.0;0.0
4;5900;CHOCOLATE;7832;44;7831;97;;;7833;141;;;;;7832.5;0.0
4;5900;STRAWBERRIES;3952;239;;;;;3954;234;;;;;3953.0;0.0
4;5900;AMETHYSTS;10002;3;9996;2;9995;24;10004;2;10005;24;;;10003.0;0.0
4;5900;GIFT_BASKET;69142;2;69141;20;69140;24;69152;2;69153;20;69154;24;69147.0;0.0
4;5900;COCONUT_COUPON;570;46;;;;;571;46;;;;;570.5;0.0
4;5900;COCONUT;9881;102;9880;77;;;9882;102;9883;77;;;9881.5;0.0
4;5900;ROSES;13695;74;;;;;13696;24;13697;50;;;13695.5;0.0
4;5900;ORCHIDS;1099;8;1098;3;1091;52;1107;8;1108;3;1115;52;1103.0;0.0
4;6000;COCONUT_COUPON;570;45;;;;;571;45;;;;;570.5;0.0
4;6000;COCONUT;9882;142;9881;67;;;9883;142;9884;67;;;9882.5;0.0
4;6000;ORCHIDS;1099;7;1098;2;1091;47;1107;7;1108;2;1115;47;1103.0;0.0
4;6000;AMETHYSTS;9996;2;9995;26;;;10004;2;10005;26;;;10000.0;0.0
4;6000;STARFRUIT;4907;28;;;;;4914;28;;;;;4910.5;0.0
4;6000;CHOCOLATE;7831;126;;;;;7832;50;7833;76;;;7831.5;0.0
4;6000;GIFT_BASKET;69136;2;69135;14;69134;29;69147;2;69148;14;69149;29;69141.5;0.0
4;6000;STRAWBERRIES;3952;248;;;;;3953;76;3954;172;;;3952.5;0.0
4;6000;ROSES;13697;60;;;;;13698;29;13699;31;;;13697.5;0.0
4;6100;AMETHYSTS;9995;27;;;;;10005;27;;;;;10000.0;0.0
4;6100;GIFT_BASKET;69130;11;69129;26;;;69143;11;69144;26;;;69136.5;0.0
4;6100;COCONUT_COUPON;568;37;;;;;569;37;;;;;568.5;0.0
4;6100;COCONUT;9881;107;9880;73;;;9882;107;9883;73;;;9881.5;0.0
4;6100;ROSES;13697;26;13696;39;;;13698;65;;;;;13697.5;0.0
4;6100;ORCHIDS;1098;9;1097;3;1090;47;1106;9;1107;3;1114;47;1102.0;0.0
4;6100;STARFRUIT;4907;27;;;;;4914;27;;;;;4910.5;0.0
4;6100;CHOCOLATE;7830;103;;;;;7832;103;;;;;7831.0;0.0
4;6100;STRAWBERRIES;3952;232;;;;;3953;65;3954;167;;;3952.5;0.0
4;6200;STRAWBERRIES;3952;208;;;;;3954;208;;;;;3953.0;0.0
4;6200;ROSES;13697;17;13696;46;;;13698;63;;;;;13697.5;0.0
4;6200;COCONUT_COUPON;568;36;;;;;569;36;;;;;568.5;0.0
4;6200;COCONUT;9881;138;9880;47;;;9882;138;9883;47;;;9881.5;0.0
4;6200;ORCHIDS;1099;9;1098;3;1091;54;1107;9;1108;3;1115;54;1103.0;0.0
4;6200;AMETHYSTS;9995;26;;;;;10005;26;;;;;10000.0;0.0
4;6200;STARFRUIT;4907;26;;;;;4914;26;;;;;4910.5;0.0
4;6200;CHOCOLATE;7830;62;7829;100;;;7831;62;7832;100;;;7830.5;0.0
4;6200;GIFT_BASKET;69138;4;69132;19;69131;17;69145;19;69146;17;;;69141.5;0.0
4;6300;STARFRUIT;4907;31;;;;;4914;31;;;;;4910.5;0.0
4;6300;CHOCOLATE;7831;52;7830;91;;;7832;52;7833;91;;;7831.5;0.0
4;6300;STRAWBERRIES;3952;258;;;;;3953;258;;;;;3952.5;0.0
4;6300;AMETHYSTS;9996;2;9995;29;;;10004;2;10005;29;;;10000.0;0.0
4;6300;GIFT_BASKET;69135;2;69134;11;69133;28;69146;2;69147;11;69148;28;69140.5;0.0
4;6300;COCONUT_COUPON;566;41;;;;;567;41;;;;;566.5;0.0
4;6300;COCONUT;9879;129;9878;76;;;9880;129;9881;76;;;9879.5;0.0
4;6300;ROSES;13697;65;;;;;13699;65;;;;;13698.0;0.0
4;6300;ORCHIDS;1098;7;1097;5;1090;47;1106;7;1107;5;1114;47;1102.0;0.0
4;6400;COCONUT_COUPON;565;23;;;;;566;34;;;;;565.5;0.0
4;6400;COCONUT;9876;198;;;;;9877;6;9878;148;9879;50;9876.5;0.0
4;6400;ORCHIDS;1097;8;1096;2;1089;43;1105;8;1106;2;1113;43;1101.0;0.0
4;6400;AMETHYSTS;9996;1;9995;20;;;10004;1;10005;20;;;10000.0;0.0
4;6400;STARFRUIT;4907;21;;;;;4914;21;;;;;4910.5;0.0
4;6400;CHOCOLATE;7830;130;;;;;7832;130;;;;;7831.0;0.0
4;6400;GIFT_BASKET;69134;1;69133;15;69132;18;69145;1;69146;15;69147;18;69139.5;0.0
4;6400;STRAWBERRIES;3952;219;;;;;3953;219;;;;;3952.5;0.0
4;6400;ROSES;13700;13;13699;40;;;13701;58;;;;;13700.5;0.0
4;6500;AMETHYSTS;9998;7;9995;25;;;10005;25;;;;;10001.5;0.0
4;6500;GIFT_BASKET;69133;14;69132;19;;;69146;14;69147;19;;;69139.5;0.0
4;6500;COCONUT_COUPON;566;33;;;;;567;33;;;;;566.5;0.0
4;6500;COCONUT;9876;113;9875;77;;;9878;190;;;;;9877.0;0.0
4;6500;ROSES;13699;58;;;;;13700;19;13701;39;;;13699.5;0.0
4;6500;ORCHIDS;1097;9;1096;3;1089;48;1105;9;1106;3;1113;48;1101.0;0.0
4;6500;STARFRUIT;4909;5;4908;25;;;4914;25;;;;;4911.5;0.0
4;6500;CHOCOLATE;7828;104;;;;;7829;51;7830;53;;;7828.5;0.0
4;6500;STRAWBERRIES;3952;171;;;;;3953;171;;;;;3952.5;0.0
4;6600;STRAWBERRIES;3952;200;;;;;3953;205;;;;;3952.5;0.0
4;6600;ROSES;13700;59;;;;;13702;59;;;;;13701.0;0.0
4;6600;COCONUT_COUPON;565;44;;;;;566;44;;;;;565.5;0.0
4;6600;COCONUT;9875;122;9874;80;;;9876;129;9877;80;;;9875.5;0.0
4;6600;ORCHIDS;1097;9;1096;3;1089;55;1105;9;1106;3;1113;55;1101.0;0.0
4;6600;AMETHYSTS;10002;10;9995;29;;;10005;29;;;;;10003.5;0.0
4;6600;STARFRUIT;4908;29;;;;;4915;29;;;;;4911.5;0.0
4;6600;CHOCOLATE;7831;41;7830;89;;;7832;41;7833;89;;;7831.5;0.0
4;6600;GIFT_BASKET;69137;17;69136;27;;;69150;17;69151;27;;;69143.5;0.0
4;6700;STARFRUIT;4913;4;4909;2;4908;21;4915;23;;;;;4914.0;0.0
4;6700;CHOCOLATE;7831;58;7830;62;;;7832;120;;;;;7831.5;0.0
4;6700;STRAWBERRIES;3952;62;3951;127;;;3953;189;;;;;3952.5;0.0
4;6700;AMETHYSTS;9996;2;9995;21;;;9998;5;10002;2;10004;2;9997.0;0.0
4;6700;GIFT_BASKET;69139;2;69138;16;69137;16;69149;2;69150;16;69151;16;69144.0;0.0
4;6700;COCONUT_COUPON;565;34;;;;;566;34;;;;;565.5;0.0
4;6700;ROSES;13699;64;;;;;13700;64;;;;;13699.5;0.0
4;6700;COCONUT;9874;141;9873;47;;;9875;141;9876;47;;;9874.5;0.0
4;6700;ORCHIDS;1098;7;1096;2;1089;44;1105;7;1107;2;1114;44;1101.5;0.0
4;6800;GIFT_BASKET;69136;8;69135;23;;;69147;2;69148;10;69149;23;69141.5;0.0
4;6800;COCONUT_COUPON;567;35;;;;;568;35;;;;;567.5;0.0
4;6800;ORCHIDS;1098;7;1096;5;1089;42;1102;6;1105;7;1107;5;1100.0;0.0
4;6800;COCONUT;9875;106;9874;41;;;9877;147;;;;;9876.0;0.0
4;6800;AMETHYSTS;9996;2;9995;25;;;10004;2;10005;25;;;10000.0;0.0
4;6800;STARFRUIT;4910;6;4909;27;;;4916;27;;;;;4913.0;0.0
4;6800;CHOCOLATE;7830;58;7829;50;;;7831;108;;;;;7830.5;0.0
4;6800;STRAWBERRIES;3952;192;;;;;3953;192;;;;;3952.5;0.0
4;6800;ROSES;13698;23;13697;45;;;13699;68;;;;;13698.5;0.0
4;6900;AMETHYSTS;9995;30;;;;;10005;30;;;;;10000.0;0.0
4;6900;GIFT_BASKET;69133;11;69132;17;;;69146;11;69147;17;;;69139.5;0.0
4;6900;COCONUT_COUPON;565;28;;;;;566;28;;;;;565.5;0.0
4;6900;ROSES;13699;57;;;;;13700;17;13701;40;;;13699.5;0.0
4;6900;ORCHIDS;1097;10;1096;2;1089;51;1105;10;1106;2;1113;51;1101.0;0.0
4;6900;COCONUT;9873;129;9872;79;;;9874;131;9875;79;;;9873.5;0.0
4;6900;STARFRUIT;4914;1;4909;30;;;4916;30;;;;;4915.0;0.0
4;6900;CHOCOLATE;7829;111;;;;;7830;35;7831;76;;;7829.5;0.0
4;6900;STRAWBERRIES;3952;76;3951;107;;;3953;183;;;;;3952.5;0.0
4;7000;ROSES;13701;71;;;;;13703;71;;;;;13702.0;0.0
4;7000;STRAWBERRIES;3951;271;;;;;3952;91;3953;180;;;3951.5;0.0
4;7000;GIFT_BASKET;69126;1;69125;10;69124;21;69136;1;69137;10;69139;21;69131.0;0.0
4;7000;COCONUT_COUPON;564;32;;;;;565;32;;;;;564.5;0.0
4;7000;ORCHIDS;1097;5;1096;4;1089;42;1102;7;1105;5;1106;4;1099.5;0.0
4;7000;COCONUT;9872;147;9871;49;;;9873;138;9874;49;;;9872.5;0.0
4;7000;AMETHYSTS;9996;1;9995;27;;;10002;4;10004;1;10005;27;9999.0;0.0
4;7000;STARFRUIT;4910;7;4909;28;;;4915;1;4916;27;;;4912.5;0.0
4;7000;CHOCOLATE;7828;53;7827;91;;;7829;144;;;;;7828.5;0.0
4;7100;STARFRUIT;4909;27;;;;;4915;27;;;;;4912.0;0.0
4;7100;CHOCOLATE;7828;140;;;;;7829;57;7830;83;;;7828.5;0.0
4;7100;STRAWBERRIES;3951;274;;;;;3953;274;;;;;3952.0;0.0
4;7100;AMETHYSTS;9996;1;9995;26;;;10002;2;10004;1;10005;26;9999.0;0.0
4;7100;GIFT_BASKET;69124;1;69123;10;69122;26;69135;1;69136;10;69137;26;69129.5;0.0
4;7100;COCONUT_COUPON;563;37;;;;;564;37;;;;;563.5;0.0
4;7100;ROSES;13702;26;13701;37;;;13703;63;;;;;13702.5;0.0
4;7100;ORCHIDS;1097;10;1096;5;1089;46;1105;10;1106;5;1113;46;1101.0;0.0
4;7100;COCONUT;9871;138;9870;74;;;9873;212;;;;;9872.0;0.0
4;7200;GIFT_BASKET;69131;1;69130;14;69129;20;69141;1;69142;14;69143;20;69136.0;0.0
4;7200;COCONUT_COUPON;564;35;;;;;565;35;;;;;564.5;0.0
4;7200;ORCHIDS;1097;8;1096;2;1089;46;1105;8;1106;2;1113;46;1101.0;0.0
4;7200;COCONUT;9872;140;9871;71;;;9873;140;9874;71;;;9872.5;0.0
4;7200;AMETHYSTS;9996;1;9995;24;;;10002;6;10004;1;10005;24;9999.0;0.0
4;7200;STARFRUIT;4909;25;;;;;4915;1;4916;24;;;4912.0;0.0
4;7200;CHOCOLATE;7828;132;;;;;7830;132;;;;;7829.0;0.0
4;7200;ROSES;13706;53;;;;;13708;53;;;;;13707.0;0.0
4;7200;STRAWBERRIES;3951;195;;;;;3953;195;;;;;3952.0;0.0
4;7300;AMETHYSTS;9995;30;;;;;10005;30;;;;;10000.0;0.0
4;7300;GIFT_BASKET;69126;13;69125;15;;;69139;13;69140;15;;;69132.5;0.0
4;7300;COCONUT_COUPON;564;28;;;;;565;28;;;;;564.5;0.0
4;7300;STARFRUIT;4909;30;;;;;4915;30;;;;;4912.0;0.0
4;7300;ROSES;13704;61;;;;;13706;61;;;;;13705.0;0.0
4;7300;ORCHIDS;1098;7;1097;4;1090;50;1106;7;1107;4;1114;50;1102.0;0.0
4;7300;COCONUT;9872;136;9871;64;;;9873;136;9874;64;;;9872.5;0.0
4;7300;CHOCOLATE;7828;63;7827;84;;;7829;63;7830;84;;;7828.5;0.0
4;7300;STRAWBERRIES;3952;269;;;;;3953;269;;;;;3952.5;0.0
4;7400;STARFRUIT;4910;22;;;;;4916;22;;;;;4913.0;0.0
4;7400;ROSES;13701;57;;;;;13702;16;13703;31;;;13701.5;0.0
4;7400;STRAWBERRIES;3952;78;3951;170;;;3953;248;;;;;3952.5;0.0
4;7400;COCONUT_COUPON;562;33;;;;;563;33;;;;;562.5;0.0
4;7400;GIFT_BASKET;69122;4;69117;1;69116;16;69128;1;69129;16;69130;16;69125.0;0.0
4;7400;ORCHIDS;1098;6;1097;2;1090;43;1106;6;1107;2;1114;43;1102.0;0.0
4;7400;COCONUT;9871;186;;;;;9873;143;9874;43;;;9872.0;0.0
4;7400;CHOCOLATE;7827;53;7826;78;;;7828;53;7829;78;;;7827.5;0.0
4;7400;AMETHYSTS;9996;1;9995;21;;;10004;1;10005;21;;;10000.0;0.0
4;7500;CHOCOLATE;7827;104;;;;;7829;104;;;;;7828.0;0.0
4;7500;COCONUT_COUPON;562;42;;;;;563;42;;;;;562.5;0.0
4;7500;STRAWBERRIES;3951;168;;;;;3953;168;;;;;3952.0;0.0
4;7500;AMETHYSTS;9998;6;9996;1;9995;23;10004;1;10005;23;;;10001.0;0.0
4;7500;GIFT_BASKET;69125;1;69124;15;69123;26;69135;1;69136;15;69137;26;69130.0;0.0
4;7500;STARFRUIT;4910;24;;;;;4911;3;4916;1;4917;23;4910.5;0.0
4;7500;ROSES;13704;72;;;;;13705;72;;;;;13704.5;0.0
4;7500;ORCHIDS;1098;9;1097;3;1090;47;1103;10;1106;9;1107;3;1100.5;0.0
4;7500;COCONUT;9873;138;9872;77;;;9875;215;;;;;9874.0;0.0
4;7600;GIFT_BASKET;69129;1;69128;16;69127;28;69140;1;69141;16;69142;28;69134.5;0.0
4;7600;ORCHIDS;1099;9;1097;4;1090;54;1106;9;1108;4;1115;54;1102.5;0.0
4;7600;COCONUT;9873;131;9872;44;;;9874;131;9875;44;;;9873.5;0.0
4;7600;CHOCOLATE;7826;123;;;;;7827;44;7828;79;;;7826.5;0.0
4;7600;AMETHYSTS;9996;1;9995;29;;;10004;1;10005;29;;;10000.0;0.0
4;7600;STARFRUIT;4910;30;;;;;4917;30;;;;;4913.5;0.0
4;7600;ROSES;13705;70;;;;;13707;70;;;;;13706.0;0.0
4;7600;STRAWBERRIES;3951;191;;;;;3953;191;;;;;3952.0;0.0
4;7600;COCONUT_COUPON;562;45;;;;;563;45;;;;;562.5;0.0
4;7700;AMETHYSTS;9996;1;9995;23;;;10004;1;10005;23;;;10000.0;0.0
4;7700;GIFT_BASKET;69117;1;69116;11;69115;29;69128;1;69129;11;69130;29;69122.5;0.0
4;7700;STARFRUIT;4909;24;;;;;4914;4;4916;24;;;4911.5;0.0
4;7700;ROSES;13704;29;13703;46;;;13705;75;;;;;13704.5;0.0
4;7700;ORCHIDS;1099;6;1098;5;1091;40;1107;6;1108;5;1115;40;1103.0;0.0
4;7700;COCONUT;9873;120;9872;53;;;9874;120;9875;53;;;9873.5;0.0
4;7700;CHOCOLATE;7826;31;7825;82;;;7827;117;;;;;7826.5;0.0
4;7700;COCONUT_COUPON;563;41;;;;;564;41;;;;;563.5;0.0
4;7700;STRAWBERRIES;3951;200;;;;;3953;200;;;;;3952.0;0.0
4;7800;ROSES;13708;61;;;;;13709;61;;;;;13708.5;0.0
4;7800;STARFRUIT;4909;22;;;;;4910;1;4914;3;4916;22;4909.5;0.0
4;7800;STRAWBERRIES;3951;201;;;;;3953;201;;;;;3952.0;0.0
4;7800;COCONUT_COUPON;562;38;;;;;563;38;;;;;562.5;0.0
4;7800;GIFT_BASKET;69124;12;69123;26;;;69137;12;69138;26;;;69130.5;0.0
4;7800;ORCHIDS;1099;5;1098;5;1091;39;1107;5;1108;5;1115;39;1103.0;0.0
4;7800;COCONUT;9872;149;9871;48;;;9873;149;9874;48;;;9872.5;0.0
4;7800;CHOCOLATE;7826;96;;;;;7828;96;;;;;7827.0;0.0
4;7800;AMETHYSTS;9995;22;;;;;10002;5;10005;22;;;9998.5;0.0
4;7900;COCONUT;9873;186;;;;;9875;129;9876;57;;;9874.0;0.0
4;7900;CHOCOLATE;7828;116;;;;;7830;116;;;;;7829.0;0.0
4;7900;COCONUT_COUPON;564;36;;;;;566;36;;;;;565.0;0.0
4;7900;STRAWBERRIES;3952;63;3951;129;;;3953;192;;;;;3952.5;0.0
4;7900;AMETHYSTS;9996;2;9995;26;;;10002;7;10004;2;10005;26;9999.0;0.0
4;7900;ROSES;13708;18;13707;50;;;13709;68;;;;;13708.5;0.0
4;7900;STARFRUIT;4910;2;4909;26;;;4911;5;4916;28;;;4910.5;0.0
4;7900;GIFT_BASKET;69138;2;69136;16;69135;18;69148;2;69149;16;69150;18;69143.0;0.0
4;7900;ORCHIDS;1099;6;1098;5;1091;48;1107;6;1108;5;1115;48;1103.0;0.0
4;8000;GIFT_BASKET;69142;1;69141;11;69139;21;69152;1;69153;11;69154;21;69147.0;0.0
4;8000;ORCHIDS;1098;9;1097;5;1090;48;1106;9;1107;5;1114;48;1102.0;0.0
4;8000;CHOCOLATE;7828;124;;;;;7830;124;;;;;7829.0;0.0
4;8000;AMETHYSTS;9996;1;9995;28;;;10004;1;10005;28;;;10000.0;0.0
4;8000;ROSES;13714;67;;;;;13715;21;13716;46;;;13714.5;0.0
4;8000;STARFRUIT;4913;4;4909;29;;;4915;29;;;;;4914.0;0.0
4;8000;STRAWBERRIES;3951;173;;;;;3953;173;;;;;3952.0;0.0
4;8000;COCONUT;9873;103;9872;48;;;9875;151;;;;;9874.0;0.0
4;8000;COCONUT_COUPON;563;33;;;;;564;33;;;;;563.5;0.0
4;8100;AMETHYSTS;9996;1;9995;22;;;10004;1;10005;22;;;10000.0;0.0
4;8100;ROSES;13710;60;;;;;13711;60;;;;;13710.5;0.0
4;8100;STARFRUIT;4909;7;4908;22;;;4915;23;;;;;4912.0;0.0
4;8100;GIFT_BASKET;69152;1;69151;15;69150;20;69163;1;69164;15;69165;20;69157.5;0.0
4;8100;ORCHIDS;1098;8;1097;3;1090;45;1100;3;1106;8;1107;3;1099.0;0.0
4;8100;COCONUT;9872;148;9871;41;;;9873;148;9874;41;;;9872.5;0.0
4;8100;CHOCOLATE;7830;35;7829;65;;;7831;35;7832;65;;;7830.5;0.0
4;8100;COCONUT_COUPON;561;36;;;;;562;36;;;;;561.5;0.0
4;8100;STRAWBERRIES;3951;246;;;;;3953;246;;;;;3952.0;0.0
4;8200;ROSES;13708;69;;;;;13710;69;;;;;13709.0;0.0
4;8200;STARFRUIT;4913;1;4908;29;;;4915;29;;;;;4914.0;0.0
4;8200;STRAWBERRIES;3952;272;;;;;3953;79;3954;193;;;3952.5;0.0
4;8200;COCONUT;9871;145;9870;61;;;9873;206;;;;;9872.0;0.0
4;8200;COCONUT_COUPON;562;39;;;;;563;39;;;;;562.5;0.0
4;8200;GIFT_BASKET;69145;1;69144;18;69143;20;69156;1;69157;18;69158;20;69150.5;0.0
4;8200;ORCHIDS;1098;9;1097;5;1090;55;1106;9;1107;5;1114;55;1102.0;0.0
4;8200;CHOCOLATE;7829;42;7828;79;;;7830;121;;;;;7829.5;0.0
4;8200;AMETHYSTS;9996;1;9995;28;;;10004;1;10005;28;;;10000.0;0.0
4;8300;COCONUT;9871;107;9870;66;;;9873;173;;;;;9872.0;0.0
4;8300;CHOCOLATE;7828;55;7827;81;;;7829;136;;;;;7828.5;0.0
4;8300;COCONUT_COUPON;561;33;;;;;562;33;;;;;561.5;0.0
4;8300;STRAWBERRIES;3952;81;3951;173;;;3953;254;;;;;3952.5;0.0
4;8300;AMETHYSTS;10002;9;9996;1;9995;24;10004;1;10005;24;;;10003.0;0.0
4;8300;ROSES;13710;65;;;;;13712;65;;;;;13711.0;0.0
4;8300;STARFRUIT;4908;25;;;;;4915;25;;;;;4911.5;0.0
4;8300;GIFT_BASKET;69130;1;69129;15;69128;17;69140;1;69141;15;69142;17;69135.0;0.0
4;8300;ORCHIDS;1098;7;1097;2;1090;46;1106;7;1107;2;1114;46;1102.0;0.0
4;8400;GIFT_BASKET;69139;18;69138;27;;;69152;18;69153;27;;;69145.5;0.0
4;8400;ORCHIDS;1098;5;1097;3;1090;50;1106;5;1107;3;1114;50;1102.0;0.0
4;8400;CHOCOLATE;7827;125;;;;;7828;50;7829;75;;;7827.5;0.0
4;8400;AMETHYSTS;9995;27;;;;;10005;27;;;;;10000.0;0.0
4;8400;STARFRUIT;4908;26;;;;;4915;27;;;;;4911.5;0.0
4;8400;ROSES;13714;69;;;;;13715;69;;;;;13714.5;0.0
4;8400;STRAWBERRIES;3952;214;;;;;3954;214;;;;;3953.0;0.0
4;8400;COCONUT;9871;140;9870;48;;;9873;188;;;;;9872.0;0.0
4;8400;COCONUT_COUPON;560;45;;;;;561;45;;;;;560.5;0.0
4;8500;AMETHYSTS;10002;4;9996;1;9995;21;10004;1;10005;21;;;10003.0;0.0
4;8500;STARFRUIT;4908;22;;;;;4914;1;4915;21;;;4911.0;0.0
4;8500;ROSES;13718;54;;;;;13719;23;13720;31;;;13718.5;0.0
4;8500;GIFT_BASKET;69145;1;69144;12;69143;23;69156;1;69157;12;69158;23;69150.5;0.0
4;8500;ORCHIDS;1098;7;1097;3;1090;40;1106;7;1107;3;1114;40;1102.0;0.0
4;8500;COCONUT;9871;111;9870;58;;;9872;111;9873;58;;;9871.5;0.0
4;8500;CHOCOLATE;7826;62;7825;78;;;7827;62;7828;78;;;7826.5;0.0
4;8500;COCONUT_COUPON;559;36;;;;;560;36;;;;;559.5;0.0
4;8500;STRAWBERRIES;3953;251;;;;;3954;247;;;;;3953.5;0.0
4;8600;STARFRUIT;4908;1;4907;24;;;4914;24;;;;;4911.0;0.0
4;8600;ROSES;13717;68;;;;;13718;23;13719;45;;;13717.5;0.0
4;8600;STRAWBERRIES;3953;262;;;;;3954;66;3955;196;;;3953.5;0.0
4;8600;COCONUT;9873;151;9872;43;;;9874;142;9875;43;;;9873.5;0.0
4;8600;COCONUT_COUPON;562;56;;;;;563;36;;;;;562.5;0.0
4;8600;GIFT_BASKET;69134;13;69133;23;;;69146;13;69148;23;;;69140.0;0.0
4;8600;ORCHIDS;1098;10;1097;3;1090;47;1106;10;1107;3;1114;47;1102.0;0.0
4;8600;CHOCOLATE;7825;106;;;;;7827;106;;;;;7826.0;0.0
4;8600;AMETHYSTS;9995;24;;;;;10005;24;;;;;10000.0;0.0
4;8700;COCONUT;9873;115;9872;78;;;9874;115;9875;78;;;9873.5;0.0
4;8700;CHOCOLATE;7825;36;7824;88;;;7826;124;;;;;7825.5;0.0
4;8700;COCONUT_COUPON;561;31;;;;;562;31;;;;;561.5;0.0
4;8700;STRAWBERRIES;3953;276;;;;;3955;276;;;;;3954.0;0.0
4;8700;AMETHYSTS;9995;20;;;;;10002;3;10005;20;;;9998.5;0.0
4;8700;STARFRUIT;4907;20;;;;;4914;20;;;;;4910.5;0.0
4;8700;ROSES;13717;66;;;;;13719;66;;;;;13718.0;0.0
4;8700;GIFT_BASKET;69136;15;69135;16;;;69149;15;69150;16;;;69142.5;0.0
4;8700;ORCHIDS;1099;8;1098;5;1091;43;1107;8;1108;5;1115;43;1103.0;0.0
4;8800;GIFT_BASKET;69133;14;69132;16;;;69146;14;69147;16;;;69139.5;0.0
4;8800;ORCHIDS;1099;5;1098;5;1091;43;1107;5;1108;5;1115;43;1103.0;0.0
4;8800;CHOCOLATE;7824;123;;;;;7825;52;7826;71;;;7824.5;0.0
4;8800;AMETHYSTS;9995;24;;;;;10005;24;;;;;10000.0;0.0
4;8800;STARFRUIT;4907;24;;;;;4914;24;;;;;4910.5;0.0
4;8800;ROSES;13719;66;;;;;13720;66;;;;;13719.5;0.0
4;8800;STRAWBERRIES;3954;71;3953;166;;;3955;237;;;;;3954.5;0.0
4;8800;COCONUT;9872;114;9871;42;;;9874;156;;;;;9873.0;0.0
4;8800;COCONUT_COUPON;560;30;;;;;561;30;;;;;560.5;0.0
4;8900;AMETHYSTS;9996;1;9995;25;;;10004;1;10005;25;;;10000.0;0.0
4;8900;ROSES;13721;75;;;;;13723;75;;;;;13722.0;0.0
4;8900;STARFRUIT;4907;26;;;;;4911;8;4913;26;;;4909.0;0.0
4;8900;ORCHIDS;1100;9;1099;4;1092;46;1108;9;1109;4;1116;46;1104.0;0.0
4;8900;GIFT_BASKET;69134;1;69133;12;69132;28;69145;1;69146;12;69147;28;69139.5;0.0
4;8900;COCONUT;9871;147;9870;80;;;9872;147;9873;80;;;9871.5;0.0
4;8900;CHOCOLATE;7826;64;7825;64;;;7827;128;;;;;7826.5;0.0
4;8900;COCONUT_COUPON;560;31;;;;;561;41;;;;;560.5;0.0
4;8900;STRAWBERRIES;3953;215;;;;;3955;215;;;;;3954.0;0.0
4;9000;STARFRUIT;4907;1;4906;28;;;4913;28;;;;;4910.0;0.0
4;9000;STRAWBERRIES;3953;217;;;;;3954;217;;;;;3953.5;0.0
4;9000;COCONUT;9870;114;9869;46;;;9871;114;9872;46;;;9870.5;0.0
4;9000;COCONUT_COUPON;560;38;;;;;561;38;;;;;560.5;0.0
4;9000;ROSES;13721;23;13720;43;;;13722;66;;;;;13721.5;0.0
4;9000;ORCHIDS;1103;9;1100;10;1099;2;1108;10;1109;2;1116;51;1105.5;0.0
4;9000;GIFT_BASKET;69141;1;69140;14;69139;23;69151;1;69152;14;69153;23;69146.0;0.0
4;9000;CHOCOLATE;7826;99;;;;;7828;99;;;;;7827.0;0.0
4;9000;AMETHYSTS;9996;1;9995;27;;;10004;1;10005;27;;;10000.0;0.0
4;9100;COCONUT;9870;160;;;;;9872;160;;;;;9871.0;0.0
4;9100;CHOCOLATE;7827;109;;;;;7829;109;;;;;7828.0;0.0
4;9100;COCONUT_COUPON;561;29;;;;;563;29;;;;;562.0;0.0
4;9100;STRAWBERRIES;3952;239;;;;;3954;239;;;;;3953.0;0.0
4;9100;AMETHYSTS;9995;24;;;;;10002;9;10005;24;;;9998.5;0.0
4;9100;ROSES;13721;18;13720;31;;;13722;49;;;;;13721.5;0.0
4;9100;STARFRUIT;4906;24;;;;;4913;24;;;;;4909.5;0.0
4;9100;ORCHIDS;1099;5;1098;3;1091;40;1107;5;1108;3;1115;40;1103.0;0.0
4;9100;GIFT_BASKET;69141;11;69140;18;;;69147;5;69153;11;69154;18;69144.0;0.0
4;9200;ORCHIDS;1099;6;1098;5;1091;49;1107;6;1108;5;1115;49;1103.0;0.0
4;9200;GIFT_BASKET;69140;14;69139;24;;;69153;14;69154;24;;;69146.5;0.0
4;9200;CHOCOLATE;7828;109;;;;;7830;109;;;;;7829.0;0.0
4;9200;AMETHYSTS;9995;29;;;;;10002;1;10005;29;;;9998.5;0.0
4;9200;STARFRUIT;4906;29;;;;;4911;7;4913;29;;;4908.5;0.0
4;9200;STRAWBERRIES;3952;221;;;;;3953;221;;;;;3952.5;0.0
4;9200;COCONUT;9870;116;9869;42;;;9872;164;;;;;9871.0;0.0
4;9200;COCONUT_COUPON;563;38;;;;;564;38;;;;;563.5;0.0
4;9200;ROSES;13717;24;13716;38;;;13718;62;;;;;13717.5;0.0
4;9300;AMETHYSTS;9995;26;;;;;10005;26;;;;;10000.0;0.0
4;9300;ROSES;13720;26;13719;34;;;13721;60;;;;;13720.5;0.0
4;9300;STARFRUIT;4906;26;;;;;4913;26;;;;;4909.5;0.0
4;9300;ORCHIDS;1098;9;1097;4;1090;50;1106;9;1107;4;1114;50;1102.0;0.0
4;9300;GIFT_BASKET;69154;15;69153;26;;;69167;15;69168;26;;;69160.5;0.0
4;9300;CHOCOLATE;7829;149;;;;;7831;149;;;;;7830.0;0.0
4;9300;COCONUT;9868;156;;;;;9870;105;9871;51;;;9869.0;0.0
4;9300;COCONUT_COUPON;560;41;;;;;561;41;;;;;560.5;0.0
4;9300;STRAWBERRIES;3952;92;3951;129;;;3953;221;;;;;3952.5;0.0
4;9400;STARFRUIT;4910;3;4906;25;;;4912;1;4913;24;;;4911.0;0.0
4;9400;STRAWBERRIES;3952;56;3951;130;;;3953;186;;;;;3952.5;0.0
4;9400;COCONUT;9869;138;9868;77;;;9871;215;;;;;9870.0;0.0
4;9400;COCONUT_COUPON;561;40;;;;;562;40;;;;;561.5;0.0
4;9400;ROSES;13717;71;;;;;13719;71;;;;;13718.0;0.0
4;9400;ORCHIDS;1098;6;1097;2;1090;45;1106;6;1107;2;1114;45;1102.0;0.0
4;9400;GIFT_BASKET;69157;1;69156;15;69155;24;69168;1;69169;15;69170;24;69162.5;0.0
4;9400;CHOCOLATE;7831;95;;;;;7832;39;7833;56;;;7831.5;0.0
4;9400;AMETHYSTS;10002;1;9998;10;9996;1;10004;1;10005;24;;;10003.0;0.0
4;9500;CHOCOLATE;7831;38;7830;96;;;7832;38;7833;96;;;7831.5;0.0
4;9500;COCONUT;9869;105;9868;78;;;9870;105;9871;78;;;9869.5;0.0
4;9500;COCONUT_COUPON;561;35;;;;;562;35;;;;;561.5;0.0
4;9500;STRAWBERRIES;3952;257;;;;;3954;257;;;;;3953.0;0.0
4;9500;AMETHYSTS;9996;1;9995;28;;;10004;1;10005;28;;;10000.0;0.0
4;9500;ROSES;13719;70;;;;;13720;22;13721;48;;;13719.5;0.0
4;9500;ORCHIDS;1097;10;1096;4;1089;50;1105;10;1106;4;1113;50;1101.0;0.0
4;9500;GIFT_BASKET;69158;1;69157;12;69156;22;69169;1;69170;12;69171;22;69163.5;0.0
4;9500;STARFRUIT;4906;29;;;;;4913;29;;;;;4909.5;0.0
4;9600;ORCHIDS;1097;8;1096;4;1089;42;1105;8;1106;4;1113;42;1101.0;0.0
4;9600;AMETHYSTS;9996;1;9995;21;;;10004;1;10005;21;;;10000.0;0.0
4;9600;GIFT_BASKET;69158;1;69157;13;69156;19;69169;1;69170;13;69171;19;69163.5;0.0
4;9600;CHOCOLATE;7832;46;7831;95;;;7833;141;;;;;7832.5;0.0
4;9600;STARFRUIT;4911;2;4906;22;;;4913;22;;;;;4912.0;0.0
4;9600;STRAWBERRIES;3952;290;;;;;3954;290;;;;;3953.0;0.0
4;9600;COCONUT;9870;167;;;;;9872;109;9873;58;;;9871.0;0.0
4;9600;COCONUT_COUPON;561;33;;;;;562;33;;;;;561.5;0.0
4;9600;ROSES;13720;59;;;;;13721;19;13722;40;;;13720.5;0.0
4;9700;ROSES;13721;60;;;;;13722;19;13723;41;;;13721.5;0.0
4;9700;ORCHIDS;1097;10;1096;5;1089;48;1105;10;1106;5;1113;48;1101.0;0.0
4;9700;AMETHYSTS;10002;1;9998;9;9995;28;10005;28;;;;;10003.5;0.0
4;9700;GIFT_BASKET;69156;10;69155;19;;;69169;10;69170;19;;;69162.5;0.0
4;9700;STARFRUIT;4905;28;;;;;4906;9;4912;28;;;4905.5;0.0
4;9700;CHOCOLATE;7831;106;;;;;7833;106;;;;;7832.0;0.0
4;9700;COCONUT;9871;122;9870;68;;;9873;190;;;;;9872.0;0.0
4;9700;COCONUT_COUPON;563;49;;;;;564;29;;;;;563.5;0.0
4;9700;STRAWBERRIES;3952;159;;;;;3953;52;3954;107;;;3952.5;0.0
4;9800;STARFRUIT;4905;30;;;;;4912;30;;;;;4908.5;0.0
4;9800;STRAWBERRIES;3952;279;;;;;3953;92;3954;187;;;3952.5;0.0
4;9800;COCONUT;9871;150;9870;65;;;9873;215;;;;;9872.0;0.0
4;9800;COCONUT_COUPON;561;28;;;;;562;28;;;;;561.5;0.0
4;9800;ROSES;13721;17;13720;33;;;13722;50;;;;;13721.5;0.0
4;9800;ORCHIDS;1096;10;1095;4;1088;51;1104;10;1105;4;1112;51;1100.0;0.0
4;9800;AMETHYSTS;9995;30;;;;;10005;30;;;;;10000.0;0.0
4;9800;GIFT_BASKET;69152;11;69151;17;;;69165;11;69166;17;;;69158.5;0.0
4;9800;CHOCOLATE;7832;55;7831;92;;;7833;147;;;;;7832.5;0.0
4;9900;CHOCOLATE;7832;122;;;;;7833;51;7834;71;;;7832.5;0.0
4;9900;COCONUT;9872;8;9871;213;;;9873;149;9874;64;;;9872.5;0.0
4;9900;COCONUT_COUPON;561;18;;;;;562;37;;;;;561.5;0.0
4;9900;STRAWBERRIES;3952;183;;;;;3953;71;3954;112;;;3952.5;0.0
4;9900;ROSES;13723;15;13722;33;;;13724;48;;;;;13723.5;0.0
4;9900;ORCHIDS;1096;8;1095;3;1088;57;1104;8;1105;3;1112;57;1100.0;0.0
4;9900;AMETHYSTS;9998;9;9996;2;9995;29;10004;2;10005;29;;;10001.0;0.0
4;9900;GIFT_BASKET;69157;2;69156;20;69155;15;69168;2;69169;20;69170;15;69162.5;0.0
4;9900;STARFRUIT;4905;31;;;;;4912;31;;;;;4908.5;0.0
4;10000;AMETHYSTS;9996;2;9995;21;;;10004;2;10005;21;;;10000.0;0.0
4;10000;GIFT_BASKET;69166;2;69165;12;69164;26;69177;2;69178;12;69179;26;69171.5;0.0
4;10000;CHOCOLATE;7832;147;;;;;7833;63;7834;84;;;7832.5;0.0
4;10000;STARFRUIT;4910;1;4905;2;4904;21;4911;23;;;;;4910.5;0.0
4;10000;STRAWBERRIES;3952;187;;;;;3954;187;;;;;3953.0;0.0
4;10000;COCONUT;9872;127;9871;54;;;9873;127;9874;54;;;9872.5;0.0
4;10000;COCONUT_COUPON;562;22;;;;;563;40;;;;;562.5;0.0
4;10000;ROSES;13725;26;13724;37;;;13726;63;;;;;13725.5;0.0
4;10000;ORCHIDS;1096;6;1095;2;1088;39;1104;6;1105;2;1112;39;1100.0;0.0
4;10100;ROSES;13722;53;;;;;13724;53;;;;;13723.0;0.0
4;10100;AMETHYSTS;9996;1;9995;30;;;10004;1;10005;30;;;10000.0;0.0
4;10100;STARFRUIT;4904;30;;;;;4911;31;;;;;4907.5;0.0
4;10100;GIFT_BASKET;69157;1;69156;20;69155;20;69168;1;69169;20;69170;20;69162.5;0.0
4;10100;CHOCOLATE;7833;144;;;;;7835;144;;;;;7834.0;0.0
4;10100;COCONUT_COUPON;562;41;;;;;563;41;;;;;562.5;0.0
4;10100;COCONUT;9873;100;9872;54;;;9875;154;;;;;9874.0;0.0
4;10100;ORCHIDS;1096;6;1095;5;1088;56;1104;6;1105;5;1112;56;1100.0;0.0
4;10100;STRAWBERRIES;3952;257;;;;;3953;257;;;;;3952.5;0.0
4;10200;STARFRUIT;4905;24;;;;;4912;24;;;;;4908.5;0.0
4;10200;COCONUT_COUPON;564;36;;;;;565;36;;;;;564.5;0.0
4;10200;COCONUT;9874;141;9873;59;;;9875;141;9876;59;;;9874.5;0.0
4;10200;ROSES;13722;62;;;;;13724;62;;;;;13723.0;0.0
4;10200;ORCHIDS;1097;5;1095;3;1088;47;1104;5;1106;3;1113;47;1100.5;0.0
4;10200;AMETHYSTS;9996;1;9995;23;;;10002;5;10004;1;10005;23;9999.0;0.0
4;10200;GIFT_BASKET;69156;1;69155;19;69154;16;69167;1;69168;19;69169;16;69161.5;0.0
4;10200;CHOCOLATE;7833;124;;;;;7835;124;;;;;7834.0;0.0
4;10200;STRAWBERRIES;3952;251;;;;;3953;251;;;;;3952.5;0.0
4;10300;COCONUT_COUPON;563;33;;;;;564;33;;;;;563.5;0.0
4;10300;COCONUT;9874;211;;;;;9876;147;9877;64;;;9875.0;0.0
4;10300;ORCHIDS;1097;8;1095;3;1088;42;1104;8;1106;3;1113;42;1100.5;0.0
4;10300;STRAWBERRIES;3952;53;3951;121;;;3953;185;;;;;3952.5;0.0
4;10300;ROSES;13723;53;;;;;13724;22;13725;31;;;13723.5;0.0
4;10300;AMETHYSTS;9998;1;9995;23;;;10005;23;;;;;10001.5;0.0
4;10300;STARFRUIT;4905;23;;;;;4912;23;;;;;4908.5;0.0
4;10300;CHOCOLATE;7835;55;7834;64;;;7836;55;7837;64;;;7835.5;0.0
4;10300;GIFT_BASKET;69162;11;69161;22;;;69168;7;69174;11;69175;22;69165.0;0.0
4;10400;AMETHYSTS;9996;1;9995;21;;;10004;1;10005;21;;;10000.0;0.0
4;10400;GIFT_BASKET;69157;1;69156;18;69155;30;69168;1;69169;18;69170;30;69162.5;0.0
4;10400;STRAWBERRIES;3951;179;;;;;3953;179;;;;;3952.0;0.0
4;10400;STARFRUIT;4905;22;;;;;4911;1;4912;21;;;4908.0;0.0
4;10400;CHOCOLATE;7834;102;;;;;7836;102;;;;;7835.0;0.0
4;10400;COCONUT_COUPON;565;49;;;;;566;49;;;;;565.5;0.0
4;10400;COCONUT;9874;180;;;;;9876;121;9877;59;;;9875.0;0.0
4;10400;ROSES;13721;75;;;;;13722;75;;;;;13721.5;0.0
4;10400;ORCHIDS;1096;8;1095;3;1088;47;1104;8;1105;3;1112;47;1100.0;0.0
4;10500;STRAWBERRIES;3951;200;;;;;3952;89;3953;111;;;3951.5;0.0
4;10500;ROSES;13722;76;;;;;13723;76;;;;;13722.5;0.0
4;10500;AMETHYSTS;10002;1;9996;1;9995;23;10004;1;10005;23;;;10003.0;0.0
4;10500;STARFRUIT;4905;24;;;;;4910;8;4911;1;4912;23;4907.5;0.0
4;10500;CHOCOLATE;7833;124;;;;;7835;124;;;;;7834.0;0.0
4;10500;GIFT_BASKET;69147;1;69146;15;69145;27;69158;1;69159;15;69160;27;69152.5;0.0
4;10500;COCONUT_COUPON;565;43;;;;;566;43;;;;;565.5;0.0
4;10500;COCONUT;9877;101;9876;68;;;9878;101;9879;68;;;9877.5;0.0
4;10500;ORCHIDS;1096;6;1095;2;1088;44;1104;6;1105;2;1112;44;1100.0;0.0
4;10600;STARFRUIT;4905;29;;;;;4911;29;;;;;4908.0;0.0
4;10600;CHOCOLATE;7833;122;;;;;7834;52;7835;70;;;7833.5;0.0
4;10600;COCONUT_COUPON;565;41;;;;;567;41;;;;;566.0;0.0
4;10600;COCONUT;9877;134;9876;49;;;9879;183;;;;;9878.0;0.0
4;10600;ROSES;13725;68;;;;;13726;29;13727;39;;;13725.5;0.0
4;10600;ORCHIDS;1097;5;1096;2;1089;42;1105;5;1106;2;1113;42;1101.0;0.0
4;10600;AMETHYSTS;9996;2;9995;27;;;10004;2;10005;27;;;10000.0;0.0
4;10600;GIFT_BASKET;69154;2;69153;10;69152;29;69165;2;69166;10;69167;29;69159.5;0.0
4;10600;STRAWBERRIES;3951;236;;;;;3953;241;;;;;3952.0;0.0
4;10700;COCONUT_COUPON;567;36;;;;;568;36;;;;;567.5;0.0
4;10700;COCONUT;9877;146;9876;56;;;9878;146;9879;56;;;9877.5;0.0
4;10700;ORCHIDS;1097;9;1096;4;1089;56;1105;9;1106;4;1113;56;1101.0;0.0
4;10700;STRAWBERRIES;3952;63;3951;170;;;3953;233;;;;;3952.5;0.0
4;10700;ROSES;13729;15;13728;40;;;13730;55;;;;;13729.5;0.0
4;10700;AMETHYSTS;9996;2;9995;28;;;10004;2;10005;28;;;10000.0;0.0
4;10700;STARFRUIT;4910;1;4905;30;;;4911;2;4912;28;;;4910.5;0.0
4;10700;CHOCOLATE;7833;108;;;;;7835;108;;;;;7834.0;0.0
4;10700;GIFT_BASKET;69152;2;69150;19;69149;15;69162;2;69163;19;69164;15;69157.0;0.0
4;10800;AMETHYSTS;9996;1;9995;22;;;9998;1;10002;2;10004;1;9997.0;0.0
4;10800;GIFT_BASKET;69158;1;69157;19;69156;30;69169;1;69170;19;69171;30;69163.5;0.0
4;10800;STRAWBERRIES;3952;190;;;;;3953;90;3954;111;;;3952.5;0.0
4;10800;STARFRUIT;4905;23;;;;;4912;23;;;;;4908.5;0.0
4;10800;CHOCOLATE;7832;62;7831;90;;;7833;152;;;;;7832.5;0.0
4;10800;COCONUT_COUPON;567;50;;;;;568;50;;;;;567.5;0.0
4;10800;COCONUT;9876;132;9875;66;;;9877;132;9878;66;;;9876.5;0.0
4;10800;ROSES;13728;73;;;;;13729;30;13730;43;;;13728.5;0.0
4;10800;ORCHIDS;1097;8;1096;2;1089;49;1105;8;1106;2;1113;49;1101.0;0.0
4;10900;STRAWBERRIES;3952;242;;;;;3953;242;;;;;3952.5;0.0
4;10900;ROSES;13720;67;;;;;13722;67;;;;;13721.0;0.0
4;10900;AMETHYSTS;9996;2;9995;20;;;10002;6;10004;2;10005;20;9999.0;0.0
4;10900;STARFRUIT;4905;22;;;;;4912;22;;;;;4908.5;0.0
4;10900;CHOCOLATE;7833;62;7832;83;;;7834;62;7835;83;;;7833.5;0.0
4;10900;GIFT_BASKET;69154;2;69153;13;69152;25;69164;2;69165;13;69166;25;69159.0;0.0
4;10900;COCONUT_COUPON;566;40;;;;;567;40;;;;;566.5;0.0
4;10900;COCONUT;9876;136;9875;56;;;9877;136;9878;56;;;9876.5;0.0
4;10900;ORCHIDS;1097;10;1096;4;1089;43;1105;10;1106;4;1113;43;1101.0;0.0
4;11000;STARFRUIT;4905;23;;;;;4910;3;4912;23;;;4907.5;0.0
4;11000;CHOCOLATE;7834;114;;;;;7836;114;;;;;7835.0;0.0
4;11000;COCONUT_COUPON;566;37;;;;;567;37;;;;;566.5;0.0
4;11000;COCONUT;9878;108;9877;73;;;9879;108;9880;73;;;9878.5;0.0
4;11000;ROSES;13723;17;13722;34;;;13724;51;;;;;13723.5;0.0
4;11000;ORCHIDS;1097;5;1096;3;1089;46;1105;5;1106;3;1113;46;1101.0;0.0
4;11000;AMETHYSTS;9996;1;9995;22;;;10004;1;10005;22;;;10000.0;0.0
4;11000;GIFT_BASKET;69164;1;69163;19;69162;17;69175;1;69176;19;69177;17;69169.5;0.0
4;11000;STRAWBERRIES;3952;254;;;;;3953;60;3954;194;;;3952.5;0.0
4;11100;COCONUT_COUPON;567;43;;;;;568;43;;;;;567.5;0.0
4;11100;COCONUT;9878;137;9877;58;;;9879;137;9880;58;;;9878.5;0.0
4;11100;ORCHIDS;1097;8;1096;3;1089;49;1105;8;1106;3;1113;49;1101.0;0.0
4;11100;STRAWBERRIES;3952;280;;;;;3953;5;3954;280;;;3952.5;0.0
4;11100;ROSES;13725;63;;;;;13726;63;;;;;13725.5;0.0
4;11100;AMETHYSTS;9998;8;9996;2;9995;26;10004;2;10005;26;;;10001.0;0.0
4;11100;STARFRUIT;4905;28;;;;;4912;28;;;;;4908.5;0.0
4;11100;CHOCOLATE;7835;131;;;;;7837;131;;;;;7836.0;0.0
4;11100;GIFT_BASKET;69180;6;69175;2;69174;15;69186;2;69187;15;69188;26;69183.0;0.0
4;11200;AMETHYSTS;9998;8;9995;23;;;10005;23;;;;;10001.5;0.0
4;11200;STRAWBERRIES;3953;232;;;;;3954;85;3955;147;;;3953.5;0.0
4;11200;STARFRUIT;4906;23;;;;;4913;23;;;;;4909.5;0.0
4;11200;CHOCOLATE;7836;143;;;;;7838;143;;;;;7837.0;0.0
4;11200;GIFT_BASKET;69187;18;69186;24;;;69200;18;69201;24;;;69193.5;0.0
4;11200;COCONUT_COUPON;566;42;;;;;567;42;;;;;566.5;0.0
4;11200;ROSES;13725;58;;;;;13726;58;;;;;13725.5;0.0
4;11200;ORCHIDS;1097;9;1096;4;1089;50;1105;9;1106;4;1113;50;1101.0;0.0
4;11200;COCONUT;9878;131;9877;70;;;9880;206;;;;;9879.0;0.0
4;11300;ROSES;13725;69;;;;;13727;69;;;;;13726.0;0.0
4;11300;STRAWBERRIES;3953;63;3952;197;;;3954;260;;;;;3953.5;0.0
4;11300;AMETHYSTS;9995;20;;;;;10002;3;10005;20;;;9998.5;0.0
4;11300;STARFRUIT;4907;2;4906;20;;;4913;20;;;;;4910.0;0.0
4;11300;CHOCOLATE;7837;123;;;;;7839;123;;;;;7838.0;0.0
4;11300;GIFT_BASKET;69197;4;69191;15;69190;25;69204;15;69205;25;;;69200.5;0.0
4;11300;COCONUT_COUPON;566;40;;;;;567;40;;;;;566.5;0.0
4;11300;ORCHIDS;1096;9;1095;5;1088;44;1104;9;1105;5;1112;44;1100.0;0.0
4;11300;COCONUT;9878;171;;;;;9880;126;9881;45;;;9879.0;0.0
4;11400;STARFRUIT;4905;24;;;;;4906;1;4907;2;4912;24;4905.5;0.0
4;11400;CHOCOLATE;7837;131;;;;;7839;131;;;;;7838.0;0.0
4;11400;GIFT_BASKET;69183;12;69182;24;;;69196;12;69197;24;;;69189.5;0.0
4;11400;COCONUT_COUPON;566;36;;;;;567;36;;;;;566.5;0.0
4;11400;ROSES;13724;59;;;;;13725;24;13726;35;;;13724.5;0.0
4;11400;ORCHIDS;1097;9;1095;2;1088;45;1104;9;1106;2;1113;45;1100.5;0.0
4;11400;COCONUT;9876;136;9875;74;;;9878;210;;;;;9877.0;0.0
4;11400;AMETHYSTS;9995;24;;;;;10005;24;;;;;10000.0;0.0
4;11400;STRAWBERRIES;3952;222;;;;;3954;222;;;;;3953.0;0.0
4;11500;GIFT_BASKET;69185;18;69184;28;;;69198;18;69199;28;;;69191.5;0.0
4;11500;COCONUT_COUPON;566;46;;;;;567;46;;;;;566.5;0.0
4;11500;ORCHIDS;1097;6;1095;5;1088;54;1104;6;1106;5;1113;54;1100.5;0.0
4;11500;COCONUT;9876;162;;;;;9878;107;9879;55;;;9877.0;0.0
4;11500;ROSES;13722;78;;;;;13724;78;;;;;13723.0;0.0
4;11500;STRAWBERRIES;3953;65;3952;194;;;3954;259;;;;;3953.5;0.0
4;11500;AMETHYSTS;9995;30;;;;;10005;30;;;;;10000.0;0.0
4;11500;STARFRUIT;4905;30;;;;;4912;30;;;;;4908.5;0.0
4;11500;CHOCOLATE;7838;129;;;;;7839;64;7840;65;;;7838.5;0.0
4;11600;AMETHYSTS;9996;2;9995;24;;;10002;5;10004;2;10005;24;9999.0;0.0
4;11600;STRAWBERRIES;3953;197;;;;;3954;197;;;;;3953.5;0.0
4;11600;STARFRUIT;4906;2;4905;24;;;4912;26;;;;;4909.0;0.0
4;11600;CHOCOLATE;7837;158;;;;;7839;158;;;;;7838.0;0.0
4;11600;GIFT_BASKET;69186;2;69185;20;69184;18;69197;2;69198;20;69199;18;69191.5;0.0
4;11600;COCONUT_COUPON;568;40;;;;;569;40;;;;;568.5;0.0
4;11600;ROSES;13724;66;;;;;13726;66;;;;;13725.0;0.0
4;11600;ORCHIDS;1097;7;1095;3;1088;51;1104;7;1106;3;1113;51;1100.5;0.0
4;11600;COCONUT;9878;131;9877;62;;;9879;131;9880;62;;;9878.5;0.0
4;11700;STARFRUIT;4905;21;;;;;4912;21;;;;;4908.5;0.0
4;11700;ROSES;13728;51;;;;;13729;51;;;;;13728.5;0.0
4;11700;STRAWBERRIES;3953;216;;;;;3954;216;;;;;3953.5;0.0
4;11700;AMETHYSTS;9996;1;9995;20;;;10004;1;10005;20;;;10000.0;0.0
4;11700;CHOCOLATE;7837;52;7836;69;;;7838;121;;;;;7837.5;0.0
4;11700;GIFT_BASKET;69181;1;69180;13;69179;16;69192;1;69193;13;69194;16;69186.5;0.0
4;11700;COCONUT_COUPON;569;30;;;;;570;30;;;;;569.5;0.0
4;11700;ORCHIDS;1097;9;1095;2;1088;42;1104;9;1106;2;1113;42;1100.5;0.0
4;11700;COCONUT;9879;135;9878;50;;;9880;127;9881;50;;;9879.5;0.0
4;11800;CHOCOLATE;7837;113;;;;;7839;113;;;;;7838.0;0.0
4;11800;COCONUT_COUPON;570;35;;;;;571;35;;;;;570.5;0.0
4;11800;GIFT_BASKET;69194;1;69193;13;69192;21;69205;1;69206;13;69207;21;69199.5;0.0
4;11800;STARFRUIT;4911;1;4906;1;4905;26;4912;26;;;;;4911.5;0.0
4;11800;ROSES;13729;54;;;;;13730;54;;;;;13729.5;0.0
4;11800;ORCHIDS;1097;9;1096;5;1089;47;1105;9;1106;5;1113;47;1101.0;0.0
4;11800;COCONUT;9878;183;;;;;9880;116;9881;67;;;9879.0;0.0
4;11800;AMETHYSTS;9996;1;9995;25;;;10002;10;10004;1;10005;25;9999.0;0.0
4;11800;STRAWBERRIES;3952;205;;;;;3954;205;;;;;3953.0;0.0
4;11900;GIFT_BASKET;69183;2;69179;1;69178;12;69189;1;69190;12;69191;29;69186.0;0.0
4;11900;ORCHIDS;1098;6;1097;2;1090;38;1106;6;1107;2;1114;38;1102.0;0.0
4;11900;COCONUT;9880;127;9879;74;;;9881;127;9882;74;;;9880.5;0.0
4;11900;COCONUT_COUPON;570;42;;;;;571;42;;;;;570.5;0.0
4;11900;STARFRUIT;4906;1;4905;20;;;4912;21;;;;;4909.0;0.0
4;11900;ROSES;13726;67;;;;;13728;67;;;;;13727.0;0.0
4;11900;STRAWBERRIES;3952;235;;;;;3954;235;;;;;3953.0;0.0
4;11900;CHOCOLATE;7836;122;;;;;7838;122;;;;;7837.0;0.0
4;11900;AMETHYSTS;10002;1;9996;1;9995;20;10004;1;10005;20;;;10003.0;0.0
4;12000;AMETHYSTS;9996;1;9995;21;;;10002;2;10004;1;10005;21;9999.0;0.0
4;12000;STRAWBERRIES;3952;237;;;;;3954;247;;;;;3953.0;0.0
4;12000;CHOCOLATE;7836;154;;;;;7838;154;;;;;7837.0;0.0
4;12000;COCONUT_COUPON;571;46;;;;;572;46;;;;;571.5;0.0
4;12000;GIFT_BASKET;69173;4;69169;1;69168;19;69179;1;69180;19;69181;26;69176.0;0.0
4;12000;STARFRUIT;4911;1;4907;4;4906;22;4912;1;4913;21;;;4911.5;0.0
4;12000;ROSES;13723;26;13722;40;;;13724;66;;;;;13723.5;0.0
4;12000;ORCHIDS;1098;10;1097;4;1090;50;1102;5;1106;10;1107;4;1100.0;0.0
4;12000;COCONUT;9881;131;9880;64;;;9882;131;9883;64;;;9881.5;0.0
4;12100;STARFRUIT;4906;26;;;;;4912;1;4913;25;;;4909.0;0.0
4;12100;ROSES;13725;21;13724;39;;;13726;60;;;;;13725.5;0.0
4;12100;STRAWBERRIES;3952;242;;;;;3954;242;;;;;3953.0;0.0
4;12100;CHOCOLATE;7835;107;;;;;7837;107;;;;;7836.0;0.0
4;12100;AMETHYSTS;9996;1;9995;25;;;10004;1;10005;25;;;10000.0;0.0
4;12100;GIFT_BASKET;69170;1;69169;14;69168;21;69180;1;69181;14;69182;21;69175.0;0.0
4;12100;ORCHIDS;1098;6;1097;3;1090;45;1106;6;1107;3;1114;45;1102.0;0.0
4;12100;COCONUT;9883;117;9882;71;;;9884;117;9885;71;;;9883.5;0.0
4;12100;COCONUT_COUPON;571;22;;;;;573;36;;;;;572.0;0.0
4;12200;CHOCOLATE;7835;55;7834;73;;;7836;55;7837;73;;;7835.5;0.0
4;12200;COCONUT_COUPON;571;1;570;35;;;572;36;;;;;571.5;0.0
4;12200;GIFT_BASKET;69175;5;69170;1;69169;13;69181;1;69182;13;69183;22;69178.0;0.0
4;12200;ROSES;13727;22;13726;40;;;13728;62;;;;;13727.5;0.0
4;12200;STARFRUIT;4905;25;;;;;4912;26;;;;;4908.5;0.0
4;12200;ORCHIDS;1099;7;1097;3;1090;45;1106;7;1108;3;1115;45;1102.5;0.0
4;12200;COCONUT;9882;112;9881;78;;;9883;112;9884;78;;;9882.5;0.0
4;12200;AMETHYSTS;9996;1;9995;25;;;10004;1;10005;25;;;10000.0;0.0
4;12200;STRAWBERRIES;3952;73;3951;106;;;3953;179;;;;;3952.5;0.0
4;12300;GIFT_BASKET;69172;2;69170;18;69169;19;69182;2;69183;18;69184;19;69177.0;0.0
4;12300;ORCHIDS;1099;5;1098;4;1091;52;1107;5;1108;4;1115;52;1103.0;0.0
4;12300;COCONUT;9883;138;9882;78;;;9884;146;9885;78;;;9883.5;0.0
4;12300;COCONUT_COUPON;570;39;;;;;571;39;;;;;570.5;0.0
4;12300;ROSES;13730;61;;;;;13731;19;13732;42;;;13730.5;0.0
4;12300;STARFRUIT;4906;2;4905;29;;;4912;31;;;;;4909.0;0.0
4;12300;STRAWBERRIES;3952;83;3951;165;;;3953;248;;;;;3952.5;0.0
4;12300;CHOCOLATE;7835;118;;;;;7836;35;7837;83;;;7835.5;0.0
4;12300;AMETHYSTS;9996;2;9995;29;;;10004;2;10005;29;;;10000.0;0.0
4;12400;AMETHYSTS;9996;1;9995;21;;;9998;2;10004;1;10005;21;9997.0;0.0
4;12400;STRAWBERRIES;3952;209;;;;;3954;209;;;;;3953.0;0.0
4;12400;COCONUT;9884;208;;;;;9886;139;9887;69;;;9885.0;0.0
4;12400;CHOCOLATE;7836;59;7835;66;;;7837;59;7838;66;;;7836.5;0.0
4;12400;COCONUT_COUPON;571;42;;;;;572;42;;;;;571.5;0.0
4;12400;ROSES;13730;27;13729;38;;;13731;65;;;;;13730.5;0.0
4;12400;STARFRUIT;4906;22;;;;;4912;22;;;;;4909.0;0.0
4;12400;GIFT_BASKET;69172;1;69170;14;69169;27;69182;1;69183;14;69184;27;69177.0;0.0
4;12400;ORCHIDS;1099;8;1098;2;1091;43;1107;8;1108;2;1115;43;1103.0;0.0
4;12500;ROSES;13728;64;;;;;13730;64;;;;;13729.0;0.0
4;12500;STARFRUIT;4906;3;4905;27;;;4912;27;;;;;4909.0;0.0
4;12500;STRAWBERRIES;3952;257;;;;;3953;67;3954;190;;;3952.5;0.0
4;12500;CHOCOLATE;7837;44;7836;67;;;7838;111;;;;;7837.5;0.0
4;12500;AMETHYSTS;10002;1;9995;27;;;10005;27;;;;;10003.5;0.0
4;12500;GIFT_BASKET;69166;14;69165;20;;;69172;4;69178;14;69180;20;69169.0;0.0
4;12500;ORCHIDS;1100;9;1099;4;1092;50;1108;9;1109;4;1116;50;1104.0;0.0
4;12500;COCONUT;9885;126;9884;78;;;9886;126;9887;78;;;9885.5;0.0
4;12500;COCONUT_COUPON;569;34;;;;;570;34;;;;;569.5;0.0
4;12600;COCONUT;9887;112;9886;53;;;9889;165;;;;;9888.0;0.0
4;12600;CHOCOLATE;7837;121;;;;;7839;121;;;;;7838.0;0.0
4;12600;COCONUT_COUPON;571;47;;;;;572;47;;;;;571.5;0.0
4;12600;ROSES;13727;65;;;;;13728;25;13729;40;;;13727.5;0.0
4;12600;STARFRUIT;4906;30;;;;;4913;30;;;;;4909.5;0.0
4;12600;GIFT_BASKET;69164;2;69163;20;69162;25;69175;2;69176;20;69177;25;69169.5;0.0
4;12600;ORCHIDS;1100;6;1099;4;1092;54;1108;6;1109;4;1116;54;1104.0;0.0
4;12600;AMETHYSTS;9996;2;9995;28;;;10004;2;10005;28;;;10000.0;0.0
4;12600;STRAWBERRIES;3951;186;;;;;3953;186;;;;;3952.0;0.0
4;12700;GIFT_BASKET;69169;17;69168;16;;;69182;17;69183;16;;;69175.5;0.0
4;12700;ORCHIDS;1099;7;1098;2;1091;50;1107;7;1108;2;1115;50;1103.0;0.0
4;12700;COCONUT;9887;191;;;;;9889;191;;;;;9888.0;0.0
4;12700;COCONUT_COUPON;570;33;;;;;571;33;;;;;570.5;0.0
4;12700;ROSES;13730;50;;;;;13731;16;13732;34;;;13730.5;0.0
4;12700;STARFRUIT;4906;26;;;;;4911;6;4913;26;;;4908.5;0.0
4;12700;STRAWBERRIES;3951;206;;;;;3953;206;;;;;3952.0;0.0
4;12700;CHOCOLATE;7837;121;;;;;7839;121;;;;;7838.0;0.0
4;12700;AMETHYSTS;9995;26;;;;;10005;26;;;;;10000.0;0.0
4;12800;AMETHYSTS;9995;30;;;;;10005;30;;;;;10000.0;0.0
4;12800;STRAWBERRIES;3952;185;;;;;3953;75;3954;110;;;3952.5;0.0
4;12800;COCONUT;9887;135;9886;72;;;9888;135;9889;72;;;9887.5;0.0
4;12800;CHOCOLATE;7838;43;7837;75;;;7839;118;;;;;7838.5;0.0
4;12800;COCONUT_COUPON;570;30;;;;;571;30;;;;;570.5;0.0
4;12800;ROSES;13735;62;;;;;13736;17;13737;45;;;13735.5;0.0
4;12800;STARFRUIT;4911;6;4907;30;;;4913;30;;;;;4912.0;0.0
4;12800;GIFT_BASKET;69178;13;69177;17;;;69190;13;69191;17;;;69184.0;0.0
4;12800;ORCHIDS;1100;9;1099;5;1092;52;1108;9;1109;5;1116;52;1104.0;0.0
4;12900;STARFRUIT;4907;23;;;;;4912;7;4913;1;4914;22;4909.5;0.0
4;12900;ROSES;13733;74;;;;;13734;30;13735;44;;;13733.5;0.0
4;12900;STRAWBERRIES;3951;176;;;;;3953;176;;;;;3952.0;0.0
4;12900;CHOCOLATE;7837;112;;;;;7838;46;7839;75;;;7837.5;0.0
4;12900;AMETHYSTS;9996;1;9995;22;;;10002;7;10004;1;10005;22;9999.0;0.0
4;12900;GIFT_BASKET;69172;1;69171;13;69170;30;69183;1;69184;13;69185;30;69177.5;0.0
4;12900;ORCHIDS;1100;9;1099;4;1092;44;1108;9;1109;4;1116;44;1104.0;0.0
4;12900;COCONUT;9887;149;9886;57;;;9888;149;9889;57;;;9887.5;0.0
4;12900;COCONUT_COUPON;570;44;;;;;571;44;;;;;570.5;0.0
4;13000;COCONUT;9886;109;9885;54;;;9887;109;9888;54;;;9886.5;0.0
4;13000;CHOCOLATE;7838;133;;;;;7840;133;;;;;7839.0;0.0
4;13000;COCONUT_COUPON;570;48;;;;;571;48;;;;;570.5;0.0
4;13000;STARFRUIT;4908;24;;;;;4915;24;;;;;4911.5;0.0
4;13000;ROSES;13732;61;;;;;13734;61;;;;;13733.0;0.0
4;13000;GIFT_BASKET;69181;18;69180;30;;;69194;18;69195;30;;;69187.5;0.0
4;13000;ORCHIDS;1100;5;1099;4;1092;47;1108;5;1109;4;1116;47;1104.0;0.0
4;13000;AMETHYSTS;9995;24;;;;;10005;24;;;;;10000.0;0.0
4;13000;STRAWBERRIES;3951;202;;;;;3952;70;3953;132;;;3951.5;0.0
4;13100;GIFT_BASKET;69169;1;69168;13;69167;24;69180;1;69181;13;69182;24;69174.5;0.0
4;13100;ORCHIDS;1099;10;1098;3;1091;46;1107;10;1108;3;1115;46;1103.0;0.0
4;13100;COCONUT;9887;147;9886;75;;;9888;147;9889;75;;;9887.5;0.0
4;13100;COCONUT_COUPON;570;38;;;;;571;38;;;;;570.5;0.0
4;13100;STARFRUIT;4909;2;4908;24;;;4914;1;4915;23;;;4911.5;0.0
4;13100;ROSES;13732;70;;;;;13733;70;;;;;13732.5;0.0
4;13100;STRAWBERRIES;3951;87;3950;187;;;3952;274;;;;;3951.5;0.0
4;13100;CHOCOLATE;7838;56;7837;87;;;7839;56;7840;87;;;7838.5;0.0
4;13100;AMETHYSTS;9996;1;9995;23;;;10004;1;10005;23;;;10000.0;0.0
4;13200;AMETHYSTS;9995;25;;;;;9998;1;10005;25;;;9996.5;0.0
4;13200;STRAWBERRIES;3951;272;;;;;3952;272;;;;;3951.5;0.0
4;13200;COCONUT;9888;193;;;;;9890;121;9891;72;;;9889.0;0.0
4;13200;CHOCOLATE;7840;123;;;;;7842;123;;;;;7841.0;0.0
4;13200;COCONUT_COUPON;570;26;;;;;571;26;;;;;570.5;0.0
4;13200;STARFRUIT;4908;25;;;;;4913;7;4915;25;;;4910.5;0.0
4;13200;ROSES;13734;61;;;;;13735;61;;;;;13734.5;0.0
4;13200;GIFT_BASKET;69182;11;69181;15;;;69195;11;69196;15;;;69188.5;0.0
4;13200;ORCHIDS;1100;10;1099;3;1092;46;1108;10;1109;3;1116;46;1104.0;0.0
4;13300;STARFRUIT;4908;25;;;;;4915;25;;;;;4911.5;0.0
4;13300;STRAWBERRIES;3951;221;;;;;3952;221;;;;;3951.5;0.0
4;13300;CHOCOLATE;7841;54;7840;71;;;7842;125;;;;;7841.5;0.0
4;13300;AMETHYSTS;9998;8;9995;25;;;10005;25;;;;;10001.5;0.0
4;13300;GIFT_BASKET;69185;17;69184;20;;;69198;17;69199;20;;;69191.5;0.0
4;13300;ORCHIDS;1100;10;1099;3;1092;52;1104;8;1108;10;1109;3;1102.0;0.0
4;13300;COCONUT;9888;121;9887;75;;;9890;196;;;;;9889.0;0.0
4;13300;COCONUT_COUPON;569;37;;;;;570;37;;;;;569.5;0.0
4;13300;ROSES;13732;52;;;;;13734;52;;;;;13733.0;0.0
4;13400;COCONUT;9888;201;;;;;9890;130;9891;71;;;9889.0;0.0
4;13400;CHOCOLATE;7842;96;;;;;7843;36;7844;60;;;7842.5;0.0
4;13400;COCONUT_COUPON;568;50;;;;;570;50;;;;;569.0;0.0
4;13400;STARFRUIT;4912;4;4908;31;;;4914;2;4915;29;;;4913.0;0.0
4;13400;ORCHIDS;1100;6;1099;3;1092;54;1108;6;1109;3;1116;54;1104.0;0.0
4;13400;GIFT_BASKET;69192;2;69191;19;69190;29;69203;2;69204;19;69205;29;69197.5;0.0
4;13400;AMETHYSTS;10002;11;9996;2;9995;29;10004;2;10005;29;;;10003.0;0.0
4;13400;ROSES;13735;76;;;;;13736;76;;;;;13735.5;0.0
4;13400;STRAWBERRIES;3951;255;;;;;3953;255;;;;;3952.0;0.0
4;13500;ORCHIDS;1100;10;1099;2;1092;55;1108;10;1109;2;1116;55;1104.0;0.0
4;13500;GIFT_BASKET;69198;2;69197;16;69196;22;69209;2;69210;16;69211;22;69203.5;0.0
4;13500;COCONUT;9889;129;9888;58;;;9891;193;;;;;9890.0;0.0
4;13500;COCONUT_COUPON;568;40;;;;;569;40;;;;;568.5;0.0
4;13500;ROSES;13737;22;13736;48;;;13738;70;;;;;13737.5;0.0
4;13500;STARFRUIT;4908;31;;;;;4915;31;;;;;4911.5;0.0
4;13500;STRAWBERRIES;3951;217;;;;;3953;217;;;;;3952.0;0.0
4;13500;CHOCOLATE;7841;58;7840;93;;;7842;58;7843;93;;;7841.5;0.0
4;13500;AMETHYSTS;9998;5;9996;2;9995;29;10004;2;10005;29;;;10001.0;0.0
4;13600;AMETHYSTS;9995;21;;;;;10000;4;10005;21;;;9997.5;0.0
4;13600;ROSES;13737;62;;;;;13739;62;;;;;13738.0;0.0
4;13600;STRAWBERRIES;3951;212;;;;;3953;212;;;;;3952.0;0.0
4;13600;CHOCOLATE;7840;120;;;;;7842;120;;;;;7841.0;0.0
4;13600;COCONUT;9887;126;9886;76;;;9889;202;;;;;9888.0;0.0
4;13600;COCONUT_COUPON;567;30;;;;;568;30;;;;;567.5;0.0
4;13600;STARFRUIT;4908;21;;;;;4911;4;4915;21;;;4909.5;0.0
4;13600;ORCHIDS;1100;8;1099;5;1092;43;1108;8;1109;5;1116;43;1104.0;0.0
4;13600;GIFT_BASKET;69188;14;69187;16;;;69201;14;69202;16;;;69194.5;0.0
4;13700;STARFRUIT;4907;28;;;;;4910;5;4914;28;;;4908.5;0.0
4;13700;STRAWBERRIES;3952;66;3951;119;;;3953;189;;;;;3952.5;0.0
4;13700;CHOCOLATE;7841;43;7840;70;;;7842;43;7843;70;;;7841.5;0.0
4;13700;AMETHYSTS;9996;2;9995;26;;;10000;5;10002;5;10004;2;9998.0;0.0
4;13700;ORCHIDS;1101;7;1100;3;1093;49;1109;7;1110;3;1117;49;1105.0;0.0
4;13700;GIFT_BASKET;69210;2;69209;16;69208;20;69221;2;69222;16;69223;20;69215.5;0.0
4;13700;COCONUT;9886;142;9885;52;;;9888;194;;;;;9887.0;0.0
4;13700;COCONUT_COUPON;568;38;;;;;569;38;;;;;568.5;0.0
4;13700;ROSES;13740;59;;;;;13741;20;13742;39;;;13740.5;0.0
4;13800;CHOCOLATE;7842;39;7841;64;;;7843;103;;;;;7842.5;0.0
4;13800;COCONUT;9886;111;9885;70;;;9887;111;9888;70;;;9886.5;0.0
4;13800;COCONUT_COUPON;568;53;;;;;570;41;;;;;569.0;0.0
4;13800;STARFRUIT;4908;3;4907;29;;;4914;29;;;;;4911.0;0.0
4;13800;ORCHIDS;1101;9;1100;3;1093;54;1109;9;1110;3;1117;54;1105.0;0.0
4;13800;GIFT_BASKET;69207;16;69206;25;;;69219;16;69221;25;;;69213.0;0.0
4;13800;AMETHYSTS;9998;1;9995;29;;;10005;29;;;;;10001.5;0.0
4;13800;ROSES;13738;64;;;;;13739;25;13740;39;;;13738.5;0.0
4;13800;STRAWBERRIES;3952;178;;;;;3953;182;;;;;3952.5;0.0
4;13900;ORCHIDS;1100;5;1099;3;1092;45;1108;5;1109;3;1116;45;1104.0;0.0
4;13900;GIFT_BASKET;69214;2;69213;20;69212;15;69224;2;69225;20;69227;15;69219.0;0.0
4;13900;COCONUT;9886;133;9885;60;;;9887;133;9888;60;;;9886.5;0.0
4;13900;COCONUT_COUPON;569;37;;;;;570;37;;;;;569.5;0.0
4;13900;ROSES;13736;58;;;;;13738;58;;;;;13737.0;0.0
4;13900;STARFRUIT;4912;3;4907;22;;;4914;22;;;;;4913.0;0.0
4;13900;STRAWBERRIES;3952;226;;;;;3953;226;;;;;3952.5;0.0
4;13900;CHOCOLATE;7842;124;;;;;7843;52;7844;72;;;7842.5;0.0
4;13900;AMETHYSTS;9996;2;9995;20;;;10004;2;10005;20;;;10000.0;0.0
4;14000;ROSES;13741;25;13740;45;;;13742;73;;;;;13741.5;0.0
4;14000;STRAWBERRIES;3952;171;;;;;3953;56;3954;107;;;3952.5;0.0
4;14000;CHOCOLATE;7842;113;;;;;7843;57;7844;56;;;7842.5;0.0
4;14000;COCONUT;9886;6;9885;179;;;9887;134;9888;45;;;9886.5;0.0
4;14000;COCONUT_COUPON;570;39;;;;;571;39;;;;;570.5;0.0
4;14000;ORCHIDS;1100;6;1099;5;1092;38;1108;6;1109;5;1116;38;1104.0;0.0
4;14000;AMETHYSTS;9996;1;9995;22;;;10002;2;10004;1;10005;22;9999.0;0.0
4;14000;GIFT_BASKET;69221;1;69220;10;69219;28;69232;1;69233;10;69234;28;69226.5;0.0
4;14000;STARFRUIT;4908;23;;;;;4914;1;4915;22;;;4911.0;0.0
4;14100;STARFRUIT;4909;1;4908;23;;;4914;2;4915;21;;;4911.5;0.0
4;14100;STRAWBERRIES;3952;239;;;;;3953;81;3954;158;;;3952.5;0.0
4;14100;CHOCOLATE;7842;62;7841;81;;;7843;62;7844;81;;;7842.5;0.0
4;14100;ORCHIDS;1100;6;1098;3;1091;46;1107;6;1109;3;1116;46;1103.5;0.0
4;14100;AMETHYSTS;9996;2;9995;21;;;10002;9;10004;2;10005;21;9999.0;0.0
4;14100;GIFT_BASKET;69224;2;69223;19;69222;19;69235;2;69236;19;69237;19;69229.5;0.0
4;14100;COCONUT;9886;123;9885;49;;;9887;123;9888;49;;;9886.5;0.0
4;14100;COCONUT_COUPON;569;40;;;;;570;40;;;;;569.5;0.0
4;14100;ROSES;13741;19;13740;38;;;13742;57;;;;;13741.5;0.0
4;14200;CHOCOLATE;7841;125;;;;;7843;125;;;;;7842.0;0.0
4;14200;COCONUT;9883;214;;;;;9885;148;9886;66;;;9884.0;0.0
4;14200;COCONUT_COUPON;568;32;;;;;569;32;;;;;568.5;0.0
4;14200;ORCHIDS;1100;5;1099;3;1092;40;1108;5;1109;3;1116;40;1104.0;0.0
4;14200;AMETHYSTS;9995;24;;;;;10002;2;10005;24;;;9998.5;0.0
4;14200;GIFT_BASKET;69228;11;69227;21;;;69240;11;69241;21;;;69234.0;0.0
4;14200;STARFRUIT;4913;1;4908;24;;;4914;24;;;;;4913.5;0.0
4;14200;ROSES;13739;65;;;;;13740;21;13741;44;;;13739.5;0.0
4;14200;STRAWBERRIES;3952;176;;;;;3954;176;;;;;3953.0;0.0
4;14300;ORCHIDS;1100;6;1099;2;1092;45;1108;6;1109;2;1116;45;1104.0;0.0
4;14300;AMETHYSTS;9996;1;9995;29;;;10002;9;10004;1;10005;29;9999.0;0.0
4;14300;GIFT_BASKET;69221;1;69220;10;69219;23;69231;1;69233;10;69234;23;69226.0;0.0
4;14300;COCONUT;9883;116;9882;71;;;9885;187;;;;;9884.0;0.0
4;14300;COCONUT_COUPON;568;34;;;;;569;34;;;;;568.5;0.0
4;14300;ROSES;13739;23;13738;39;;;13740;62;;;;;13739.5;0.0
4;14300;STARFRUIT;4912;3;4908;1;4907;29;4914;30;;;;;4913.0;0.0
4;14300;STRAWBERRIES;3952;259;;;;;3954;259;;;;;3953.0;0.0
4;14300;CHOCOLATE;7841;144;;;;;7843;144;;;;;7842.0;0.0
4;14400;ROSES;13736;75;;;;;13738;75;;;;;13737.0;0.0
4;14400;STRAWBERRIES;3953;219;;;;;3954;219;;;;;3953.5;0.0
4;14400;CHOCOLATE;7841;93;;;;;7842;38;7843;55;;;7841.5;0.0
4;14400;COCONUT;9885;100;9884;46;;;9887;146;;;;;9886.0;0.0
4;14400;COCONUT_COUPON;571;49;;;;;572;49;;;;;571.5;0.0
4;14400;ORCHIDS;1100;7;1099;2;1092;51;1108;7;1109;2;1116;51;1104.0;0.0
4;14400;AMETHYSTS;9998;1;9996;2;9995;25;10004;2;10005;25;;;10001.0;0.0
4;14400;GIFT_BASKET;69222;2;69221;19;69220;28;69233;2;69234;19;69235;28;69227.5;0.0
4;14400;STARFRUIT;4908;27;;;;;4914;2;4915;25;;;4911.0;0.0
4;14500;STARFRUIT;4912;2;4908;7;4907;30;4914;30;;;;;4913.0;0.0
4;14500;STRAWBERRIES;3953;200;;;;;3954;200;;;;;3953.5;0.0
4;14500;CHOCOLATE;7839;51;7838;51;;;7840;51;7841;51;;;7839.5;0.0
4;14500;AMETHYSTS;9995;30;;;;;10005;30;;;;;10000.0;0.0
4;14500;GIFT_BASKET;69216;13;69215;28;;;69229;13;69230;28;;;69222.5;0.0
4;14500;COCONUT_COUPON;572;37;;;;;573;41;;;;;572.5;0.0
4;14500;COCONUT;9886;120;9885;78;;;9887;120;9888;78;;;9886.5;0.0
4;14500;ROSES;13739;71;;;;;13740;71;;;;;13739.5;0.0
4;14500;ORCHIDS;1100;9;1099;4;1092;52;1104;6;1108;9;1109;4;1102.0;0.0
4;14600;CHOCOLATE;7839;59;7838;66;;;7840;125;;;;;7839.5;0.0
4;14600;COCONUT_COUPON;572;44;;;;;573;44;;;;;572.5;0.0
4;14600;COCONUT;9887;150;9886;40;;;9888;150;9889;40;;;9887.5;0.0
4;14600;ORCHIDS;1100;8;1099;3;1092;56;1108;8;1109;3;1116;56;1104.0;0.0
4;14600;AMETHYSTS;9996;1;9995;28;;;10002;2;10004;1;10005;28;9999.0;0.0
4;14600;STARFRUIT;4908;1;4907;28;;;4914;29;;;;;4911.0;0.0
4;14600;GIFT_BASKET;69220;1;69215;1;69214;20;69226;1;69227;20;69228;23;69223.0;0.0
4;14600;ROSES;13737;59;;;;;13738;23;13739;36;;;13737.5;0.0
4;14600;STRAWBERRIES;3952;218;;;;;3954;218;;;;;3953.0;0.0
4;14700;AMETHYSTS;9996;1;9995;20;;;10004;1;10005;20;;;10000.0;0.0
4;14700;GIFT_BASKET;69224;1;69223;18;69222;20;69235;1;69236;18;69237;20;69229.5;0.0
4;14700;COCONUT_COUPON;573;39;;;;;575;39;;;;;574.0;0.0
4;14700;COCONUT;9888;167;;;;;9889;8;9890;118;9891;49;9888.5;0.0
4;14700;ROSES;13740;20;13739;42;;;13741;62;;;;;13740.5;0.0
4;14700;ORCHIDS;1100;7;1098;4;1091;45;1107;7;1109;4;1116;45;1103.5;0.0
4;14700;STARFRUIT;4909;7;4908;21;;;4915;21;;;;;4912.0;0.0
4;14700;CHOCOLATE;7839;126;;;;;7840;48;7841;78;;;7839.5;0.0
4;14700;STRAWBERRIES;3952;208;;;;;3953;78;3954;130;;;3952.5;0.0
4;14800;STRAWBERRIES;3952;236;;;;;3954;236;;;;;3953.0;0.0
4;14800;ROSES;13742;52;;;;;13743;52;;;;;13742.5;0.0
4;14800;COCONUT_COUPON;572;33;;;;;573;33;;;;;572.5;0.0
4;14800;COCONUT;9886;203;;;;;9888;132;9889;71;;;9887.0;0.0
4;14800;ORCHIDS;1100;8;1099;3;1092;49;1108;8;1109;3;1116;49;1104.0;0.0
4;14800;AMETHYSTS;9996;1;9995;24;;;10000;4;10004;1;10005;24;9998.0;0.0
4;14800;STARFRUIT;4908;25;;;;;4911;4;4915;25;;;4909.5;0.0
4;14800;CHOCOLATE;7838;145;;;;;7840;145;;;;;7839.0;0.0
4;14800;GIFT_BASKET;69229;1;69228;17;69227;15;69240;1;69241;17;69242;15;69234.5;0.0
4;14900;STARFRUIT;4913;1;4908;32;;;4914;32;;;;;4913.5;0.0
4;14900;CHOCOLATE;7839;35;7838;78;;;7840;35;7841;78;;;7839.5;0.0
4;14900;STRAWBERRIES;3953;78;3952;109;;;3954;187;;;;;3953.5;0.0
4;14900;AMETHYSTS;9998;9;9996;2;9995;30;10004;2;10005;30;;;10001.0;0.0
4;14900;GIFT_BASKET;69232;2;69231;17;69230;24;69243;2;69244;17;69245;24;69237.5;0.0
4;14900;COCONUT_COUPON;571;43;;;;;572;43;;;;;571.5;0.0
4;14900;COCONUT;9885;138;9884;72;;;9886;138;9887;72;;;9885.5;0.0
4;14900;ROSES;13742;70;;;;;13743;24;13744;46;;;13742.5;0.0
4;14900;ORCHIDS;1100;10;1099;4;1092;57;1108;10;1109;4;1116;57;1104.0;0.0
4;15000;COCONUT_COUPON;572;47;;;;;573;47;;;;;572.5;0.0
4;15000;COCONUT;9884;186;;;;;9886;186;;;;;9885.0;0.0
4;15000;ORCHIDS;1104;6;1100;5;1099;4;1108;5;1109;4;1116;54;1106.0;0.0
4;15000;AMETHYSTS;10002;1;9998;7;9995;29;10005;29;;;;;10003.5;0.0
4;15000;STARFRUIT;4908;29;;;;;4915;29;;;;;4911.5;0.0
4;15000;CHOCOLATE;7839;99;;;;;7840;40;7841;59;;;7839.5;0.0
4;15000;GIFT_BASKET;69230;20;69229;27;;;69243;20;69244;27;;;69236.5;0.0
4;15000;STRAWBERRIES;3953;224;;;;;3954;215;;;;;3953.5;0.0
4;15000;ROSES;13747;61;;;;;13749;61;;;;;13748.0;0.0
4;15100;AMETHYSTS;9998;2;9996;2;9995;28;10004;2;10005;28;;;10001.0;0.0
4;15100;GIFT_BASKET;69229;2;69228;18;69227;17;69240;2;69241;18;69242;17;69234.5;0.0
4;15100;COCONUT_COUPON;573;37;;;;;574;37;;;;;573.5;0.0
4;15100;COCONUT;9886;3;9885;134;9884;49;9887;183;;;;;9886.5;0.0
4;15100;ROSES;13748;66;;;;;13749;66;;;;;13748.5;0.0
4;15100;ORCHIDS;1100;9;1099;4;1092;55;1108;9;1109;4;1116;55;1104.0;0.0
4;15100;STARFRUIT;4908;30;;;;;4915;30;;;;;4911.5;0.0
4;15100;CHOCOLATE;7838;113;;;;;7840;113;;;;;7839.0;0.0
4;15100;STRAWBERRIES;3953;208;;;;;3955;208;;;;;3954.0;0.0
4;15200;STRAWBERRIES;3954;81;3953;170;;;3955;251;;;;;3954.5;0.0
4;15200;ROSES;13749;67;;;;;13751;67;;;;;13750.0;0.0
4;15200;COCONUT_COUPON;573;49;;;;;574;49;;;;;573.5;0.0
4;15200;COCONUT;9885;176;;;;;9887;110;9888;66;;;9886.0;0.0
4;15200;ORCHIDS;1100;6;1099;4;1092;54;1108;6;1109;4;1116;54;1104.0;0.0
4;15200;AMETHYSTS;9996;1;9995;30;;;10004;1;10005;30;;;10000.0;0.0
4;15200;STARFRUIT;4908;1;4907;30;;;4914;31;;;;;4911.0;0.0
4;15200;CHOCOLATE;7839;146;;;;;7841;146;;;;;7840.0;0.0
4;15200;GIFT_BASKET;69237;1;69236;18;69235;30;69248;1;69249;18;69250;30;69242.5;0.0
4;15300;STARFRUIT;4908;29;;;;;4915;29;;;;;4911.5;0.0
4;15300;CHOCOLATE;7838;137;;;;;7840;137;;;;;7839.0;0.0
4;15300;STRAWBERRIES;3954;204;;;;;3955;204;;;;;3954.5;0.0
4;15300;AMETHYSTS;9996;1;9995;28;;;10004;1;10005;28;;;10000.0;0.0
4;15300;GIFT_BASKET;69237;1;69236;10;69235;16;69247;1;69248;10;69249;16;69242.0;0.0
4;15300;COCONUT_COUPON;573;27;;;;;574;27;;;;;573.5;0.0
4;15300;COCONUT;9887;135;9886;59;;;9889;194;;;;;9888.0;0.0
4;15300;ROSES;13752;52;;;;;13753;52;;;;;13752.5;0.0
4;15300;ORCHIDS;1099;7;1098;4;1091;45;1107;7;1108;4;1115;45;1103.0;0.0
4;15400;COCONUT_COUPON;571;39;;;;;572;39;;;;;571.5;0.0
4;15400;COCONUT;9889;104;9888;75;;;9890;104;9891;75;;;9889.5;0.0
4;15400;ORCHIDS;1100;8;1098;3;1091;51;1107;8;1109;3;1116;51;1103.5;0.0
4;15400;AMETHYSTS;9995;29;;;;;10005;29;;;;;10000.0;0.0
4;15400;STARFRUIT;4908;3;4907;29;;;4914;29;;;;;4911.0;0.0
4;15400;CHOCOLATE;7836;41;7835;92;;;7837;133;;;;;7836.5;0.0
4;15400;GIFT_BASKET;69225;14;69224;25;;;69237;14;69238;25;;;69231.0;0.0
4;15400;STRAWBERRIES;3953;212;;;;;3955;212;;;;;3954.0;0.0
4;15400;ROSES;13750;71;;;;;13752;71;;;;;13751.0;0.0
4;15500;AMETHYSTS;9996;1;9995;21;;;10002;7;10004;1;10005;21;9999.0;0.0
4;15500;GIFT_BASKET;69221;1;69220;16;69219;20;69232;1;69233;16;69234;20;69226.5;0.0
4;15500;COCONUT_COUPON;572;47;;;;;573;37;;;;;572.5;0.0
4;15500;COCONUT;9889;138;9888;65;;;9890;138;9891;65;;;9889.5;0.0
4;15500;ROSES;13748;20;13747;34;;;13749;54;;;;;13748.5;0.0
4;15500;ORCHIDS;1100;6;1098;3;1091;43;1107;6;1109;3;1116;43;1103.5;0.0
4;15500;STARFRUIT;4907;21;;;;;4908;9;4914;22;;;4907.5;0.0
4;15500;CHOCOLATE;7836;50;7835;97;;;7837;147;;;;;7836.5;0.0
4;15500;STRAWBERRIES;3953;246;;;;;3955;246;;;;;3954.0;0.0
4;15600;STRAWBERRIES;3953;247;;;;;3955;247;;;;;3954.0;0.0
4;15600;ROSES;13749;65;;;;;13750;65;;;;;13749.5;0.0
4;15600;COCONUT_COUPON;575;60;;;;;576;50;;;;;575.5;0.0
4;15600;COCONUT;9889;207;;;;;9891;128;9892;79;;;9890.0;0.0
4;15600;ORCHIDS;1100;7;1098;2;1091;47;1107;7;1109;2;1116;47;1103.5;0.0
4;15600;AMETHYSTS;9996;2;9995;22;;;10004;2;10005;22;;;10000.0;0.0
4;15600;STARFRUIT;4908;2;4907;22;;;4914;24;;;;;4911.0;0.0
4;15600;CHOCOLATE;7835;153;;;;;7837;153;;;;;7836.0;0.0
4;15600;GIFT_BASKET;69222;2;69221;18;69220;30;69233;2;69234;18;69235;30;69227.5;0.0
4;15700;STARFRUIT;4907;30;;;;;4914;30;;;;;4910.5;0.0
4;15700;CHOCOLATE;7836;50;7835;99;;;7837;50;7838;99;;;7836.5;0.0
4;15700;STRAWBERRIES;3953;283;;;;;3955;283;;;;;3954.0;0.0
4;15700;AMETHYSTS;9996;2;9995;28;;;10004;2;10005;28;;;10000.0;0.0
4;15700;GIFT_BASKET;69219;2;69218;20;69217;16;69229;2;69230;20;69231;16;69224.0;0.0
4;15700;COCONUT_COUPON;577;38;;;;;578;38;;;;;577.5;0.0
4;15700;ROSES;13747;54;;;;;13748;16;13749;38;;;13747.5;0.0
4;15700;ORCHIDS;1099;6;1098;4;1091;54;1107;6;1108;4;1115;54;1103.0;0.0
4;15700;COCONUT;9890;110;9889;41;;;9891;104;9892;41;;;9890.5;0.0
4;15800;GIFT_BASKET;69225;1;69224;15;69222;26;69235;1;69236;15;69237;26;69230.0;0.0
4;15800;COCONUT_COUPON;577;42;;;;;578;42;;;;;577.5;0.0
4;15800;ORCHIDS;1099;10;1097;4;1090;54;1106;10;1108;4;1115;54;1102.5;0.0
4;15800;COCONUT;9890;174;;;;;9892;130;9893;44;;;9891.0;0.0
4;15800;AMETHYSTS;9996;1;9995;29;;;9998;5;10004;1;10005;29;9997.0;0.0
4;15800;STARFRUIT;4906;30;;;;;4913;30;;;;;4909.5;0.0
4;15800;CHOCOLATE;7837;131;;;;;7838;4;7839;131;;;7837.5;0.0
4;15800;ROSES;13744;73;;;;;13746;73;;;;;13745.0;0.0
4;15800;STRAWBERRIES;3954;96;3953;118;;;3955;214;;;;;3954.5;0.0
4;15900;AMETHYSTS;10002;1;9996;2;9995;26;10004;2;10005;26;;;10003.0;0.0
4;15900;GIFT_BASKET;69217;2;69215;19;69214;18;69227;2;69228;19;69229;18;69222.0;0.0
4;15900;COCONUT_COUPON;577;39;;;;;579;39;;;;;578.0;0.0
4;15900;ROSES;13742;48;;;;;13743;18;13744;30;;;13742.5;0.0
4;15900;ORCHIDS;1099;7;1097;2;1090;52;1106;7;1108;2;1115;52;1102.5;0.0
4;15900;COCONUT;9890;123;9889;43;;;9891;116;9892;43;;;9890.5;0.0
4;15900;STARFRUIT;4907;1;4906;26;;;4913;28;;;;;4910.0;0.0
4;15900;CHOCOLATE;7838;40;7837;77;;;7839;117;;;;;7838.5;0.0
4;15900;STRAWBERRIES;3953;207;;;;;3955;207;;;;;3954.0;0.0
4;16000;ROSES;13745;21;13744;35;;;13746;56;;;;;13745.5;0.0
4;16000;STRAWBERRIES;3954;59;3953;157;;;3955;216;;;;;3954.5;0.0
4;16000;GIFT_BASKET;69223;1;69222;14;69221;21;69234;1;69235;14;69236;21;69228.5;0.0
4;16000;COCONUT_COUPON;578;36;;;;;579;36;;;;;578.5;0.0
4;16000;ORCHIDS;1097;6;1096;2;1089;42;1105;6;1106;2;1113;42;1101.0;0.0
4;16000;COCONUT;9890;137;9889;54;;;9891;137;9892;54;;;9890.5;0.0
4;16000;AMETHYSTS;9996;1;9995;22;;;10004;1;10005;22;;;10000.0;0.0
4;16000;STARFRUIT;4907;23;;;;;4914;23;;;;;4910.5;0.0
4;16000;CHOCOLATE;7838;116;;;;;7840;116;;;;;7839.0;0.0
4;16100;STARFRUIT;4907;25;;;;;4914;25;;;;;4910.5;0.0
4;16100;CHOCOLATE;7839;51;7838;87;;;7840;51;7841;87;;;7839.5;0.0
4;16100;STRAWBERRIES;3954;82;3953;189;;;3955;276;;;;;3954.5;0.0
4;16100;AMETHYSTS;9996;1;9995;24;;;10004;1;10005;24;;;10000.0;0.0
4;16100;GIFT_BASKET;69229;1;69227;10;69226;28;69239;1;69240;10;69241;28;69234.0;0.0
4;16100;COCONUT_COUPON;579;39;;;;;580;39;;;;;579.5;0.0
4;16100;ROSES;13750;63;;;;;13751;63;;;;;13750.5;0.0
4;16100;ORCHIDS;1097;6;1096;4;1089;40;1105;6;1106;4;1113;40;1101.0;0.0
4;16100;COCONUT;9891;100;9890;63;;;9892;100;9893;63;;;9891.5;0.0
4;16200;GIFT_BASKET;69235;3;69229;20;69228;24;69241;20;69242;24;;;69238.0;0.0
4;16200;COCONUT_COUPON;579;44;;;;;580;44;;;;;579.5;0.0
4;16200;ORCHIDS;1098;9;1097;5;1090;58;1106;9;1107;5;1114;58;1102.0;0.0
4;16200;COCONUT;9890;127;9889;54;;;9891;127;9892;54;;;9890.5;0.0
4;16200;AMETHYSTS;9995;29;;;;;10005;29;;;;;10000.0;0.0
4;16200;CHOCOLATE;7839;131;;;;;7841;131;;;;;7840.0;0.0
4;16200;STARFRUIT;4907;29;;;;;4912;8;4914;29;;;4909.5;0.0
4;16200;ROSES;13750;69;;;;;13752;69;;;;;13751.0;0.0
4;16200;STRAWBERRIES;3953;258;;;;;3955;258;;;;;3954.0;0.0
4;16300;AMETHYSTS;9995;24;;;;;10002;6;10005;24;;;9998.5;0.0
4;16300;GIFT_BASKET;69221;12;69220;18;;;69234;12;69235;18;;;69227.5;0.0
4;16300;STARFRUIT;4908;8;4907;24;;;4909;5;4914;24;;;4908.5;0.0
4;16300;ROSES;13750;58;;;;;13752;58;;;;;13751.0;0.0
4;16300;ORCHIDS;1098;10;1097;2;1090;46;1106;10;1107;2;1114;46;1102.0;0.0
4;16300;COCONUT;9889;197;;;;;9891;144;9892;53;;;9890.0;0.0
4;16300;CHOCOLATE;7840;141;;;;;7841;53;7842;88;;;7840.5;0.0
4;16300;COCONUT_COUPON;579;30;;;;;580;30;;;;;579.5;0.0
4;16300;STRAWBERRIES;3953;251;;;;;3954;88;3955;163;;;3953.5;0.0
4;16400;STARFRUIT;4907;24;;;;;4914;24;;;;;4910.5;0.0
4;16400;ROSES;13752;15;13751;41;;;13753;56;;;;;13752.5;0.0
4;16400;STRAWBERRIES;3953;207;;;;;3954;55;3955;152;;;3953.5;0.0
4;16400;COCONUT_COUPON;581;32;;;;;582;32;;;;;581.5;0.0
4;16400;GIFT_BASKET;69225;17;69224;15;;;69238;17;69239;15;;;69231.5;0.0
4;16400;ORCHIDS;1099;7;1098;5;1091;48;1107;7;1108;5;1115;48;1103.0;0.0
4;16400;COCONUT;9892;101;9891;76;;;9893;101;9894;76;;;9892.5;0.0
4;16400;CHOCOLATE;7840;59;7839;55;;;7841;59;7842;55;;;7840.5;0.0
4;16400;AMETHYSTS;9995;24;;;;;10005;24;;;;;10000.0;0.0
4;16500;CHOCOLATE;7839;99;;;;;7840;44;7841;55;;;7839.5;0.0
4;16500;COCONUT_COUPON;581;35;;;;;582;35;;;;;581.5;0.0
4;16500;STRAWBERRIES;3953;223;;;;;3955;223;;;;;3954.0;0.0
4;16500;AMETHYSTS;9995;30;;;;;10005;30;;;;;10000.0;0.0
4;16500;GIFT_BASKET;69220;12;69219;23;;;69233;12;69234;23;;;69226.5;0.0
4;16500;STARFRUIT;4907;30;;;;;4914;30;;;;;4910.5;0.0
4;16500;ROSES;13754;54;;;;;13755;23;13756;31;;;13754.5;0.0
4;16500;ORCHIDS;1099;6;1098;2;1091;48;1107;6;1108;2;1115;48;1103.0;0.0
4;16500;COCONUT;9893;131;9892;71;;;9894;126;9895;71;;;9893.5;0.0
4;16600;GIFT_BASKET;69212;2;69211;14;69210;20;69222;2;69223;14;69225;20;69217.0;0.0
4;16600;ORCHIDS;1100;6;1099;3;1092;40;1108;6;1109;3;1116;40;1104.0;0.0
4;16600;COCONUT;9893;177;;;;;9895;111;9896;66;;;9894.0;0.0
4;16600;CHOCOLATE;7839;110;;;;;7841;110;;;;;7840.0;0.0
4;16600;AMETHYSTS;9996;2;9995;20;;;9998;1;10004;2;10005;20;9997.0;0.0
4;16600;STARFRUIT;4907;22;;;;;4914;22;;;;;4910.5;0.0
4;16600;ROSES;13754;64;;;;;13756;64;;;;;13755.0;0.0
4;16600;STRAWBERRIES;3953;224;;;;;3954;54;3955;170;;;3953.5;0.0
4;16600;COCONUT_COUPON;582;36;;;;;583;36;;;;;582.5;0.0
4;16700;AMETHYSTS;9995;21;;;;;10005;21;;;;;10000.0;0.0
4;16700;GIFT_BASKET;69210;15;69209;16;;;69222;15;69223;16;;;69216.0;0.0
4;16700;ROSES;13753;48;;;;;13755;48;;;;;13754.0;0.0
4;16700;STARFRUIT;4912;9;4907;21;;;4914;21;;;;;4913.0;0.0
4;16700;ORCHIDS;1100;9;1099;5;1092;45;1108;9;1109;5;1116;45;1104.0;0.0
4;16700;COCONUT;9894;122;9893;43;;;9895;122;9896;43;;;9894.5;0.0
4;16700;CHOCOLATE;7840;61;7839;92;;;7841;61;7842;92;;;7840.5;0.0
4;16700;COCONUT_COUPON;581;31;;;;;582;15;583;16;;;581.5;0.0
4;16700;STRAWBERRIES;3953;247;;;;;3954;236;;;;;3953.5;0.0
4;16800;ROSES;13756;63;;;;;13757;63;;;;;13756.5;0.0
4;16800;STARFRUIT;4912;1;4908;1;4907;20;4914;21;;;;;4913.0;0.0
4;16800;STRAWBERRIES;3953;192;;;;;3954;192;;;;;3953.5;0.0
4;16800;COCONUT;9892;131;9891;44;;;9894;175;;;;;9893.0;0.0
4;16800;COCONUT_COUPON;581;33;;;;;582;33;;;;;581.5;0.0
4;16800;GIFT_BASKET;69223;1;69222;15;69221;17;69233;1;69234;15;69235;17;69228.0;0.0
4;16800;ORCHIDS;1100;6;1099;5;1092;41;1108;6;1109;5;1116;41;1104.0;0.0
4;16800;CHOCOLATE;7841;124;;;;;7843;124;;;;;7842.0;0.0
4;16800;AMETHYSTS;9996;1;9995;20;;;10004;1;10005;20;;;10000.0;0.0
4;16900;COCONUT;9891;124;9890;78;;;9893;202;;;;;9892.0;0.0
4;16900;CHOCOLATE;7841;99;;;;;7842;37;7843;62;;;7841.5;0.0
4;16900;COCONUT_COUPON;581;35;;;;;582;35;;;;;581.5;0.0
4;16900;STRAWBERRIES;3953;62;3952;194;;;3954;256;;;;;3953.5;0.0
4;16900;AMETHYSTS;9996;1;9995;22;;;10004;1;10005;22;;;10000.0;0.0
4;16900;ROSES;13755;50;;;;;13756;50;;;;;13755.5;0.0
4;16900;STARFRUIT;4908;1;4907;22;;;4914;23;;;;;4911.0;0.0
4;16900;GIFT_BASKET;69221;1;69220;16;69219;18;69232;1;69233;16;69234;18;69226.5;0.0
4;16900;ORCHIDS;1100;7;1099;3;1092;45;1108;7;1109;3;1116;45;1104.0;0.0
4;17000;GIFT_BASKET;69225;2;69224;14;69223;29;69235;2;69237;14;69238;29;69230.0;0.0
4;17000;ORCHIDS;1100;6;1099;3;1092;48;1108;6;1109;3;1116;48;1104.0;0.0
4;17000;CHOCOLATE;7840;39;7839;61;;;7841;100;;;;;7840.5;0.0
4;17000;AMETHYSTS;9996;2;9995;28;;;9998;7;10004;2;10005;28;9997.0;0.0
4;17000;ROSES;13753;75;;;;;13755;75;;;;;13754.0;0.0
4;17000;STARFRUIT;4908;2;4907;28;;;4912;5;4914;30;;;4910.0;0.0
4;17000;STRAWBERRIES;3953;179;;;;;3955;179;;;;;3954.0;0.0
4;17000;COCONUT;9892;138;9891;56;;;9893;138;9894;56;;;9892.5;0.0
4;17000;COCONUT_COUPON;580;45;;;;;581;45;;;;;580.5;0.0
4;17100;AMETHYSTS;9995;25;;;;;10002;8;10005;25;;;9998.5;0.0
4;17100;ROSES;13752;19;13751;43;;;13753;62;;;;;13752.5;0.0
4;17100;STARFRUIT;4907;25;;;;;4914;25;;;;;4910.5;0.0
4;17100;GIFT_BASKET;69220;20;69219;19;;;69232;20;69233;19;;;69226.0;0.0
4;17100;ORCHIDS;1100;10;1099;4;1092;55;1108;10;1109;4;1116;55;1104.0;0.0
4;17100;COCONUT;9892;113;9891;73;;;9894;186;;;;;9893.0;0.0
4;17100;CHOCOLATE;7840;62;7839;84;;;7841;146;;;;;7840.5;0.0
4;17100;COCONUT_COUPON;582;39;;;;;583;39;;;;;582.5;0.0
4;17100;STRAWBERRIES;3953;252;;;;;3954;264;;;;;3953.5;0.0
4;17200;ROSES;13750;78;;;;;13752;78;;;;;13751.0;0.0
4;17200;STARFRUIT;4907;29;;;;;4909;2;4912;4;4914;29;4908.0;0.0
4;17200;STRAWBERRIES;3953;59;3952;155;;;3954;214;;;;;3953.5;0.0
4;17200;COCONUT;9892;217;;;;;9894;147;9895;70;;;9893.0;0.0
4;17200;COCONUT_COUPON;581;43;;;;;582;43;;;;;581.5;0.0
4;17200;GIFT_BASKET;69223;13;69221;30;;;69235;13;69236;30;;;69229.0;0.0
4;17200;ORCHIDS;1100;6;1098;3;1091;48;1107;6;1109;3;1116;48;1103.5;0.0
4;17200;CHOCOLATE;7841;94;;;;;7842;35;7843;59;;;7841.5;0.0
4;17200;AMETHYSTS;9998;2;9995;29;;;10005;29;;;;;10001.5;0.0
4;17300;COCONUT;9893;100;9892;51;;;9895;151;;;;;9894.0;0.0
4;17300;CHOCOLATE;7839;121;;;;;7841;121;;;;;7840.0;0.0
4;17300;COCONUT_COUPON;581;35;;;;;582;35;;;;;581.5;0.0
4;17300;STRAWBERRIES;3952;193;;;;;3953;70;3954;112;;;3952.5;0.0
4;17300;AMETHYSTS;9996;1;9995;21;;;10004;1;10005;21;;;10000.0;0.0
4;17300;STARFRUIT;4912;7;4908;22;;;4914;22;;;;;4913.0;0.0
4;17300;ROSES;13750;63;;;;;13751;19;13752;44;;;13750.5;0.0
4;17300;GIFT_BASKET;69209;2;69204;1;69203;15;69215;1;69216;15;69217;19;69212.0;0.0
4;17300;ORCHIDS;1103;7;1099;6;1098;2;1107;6;1108;2;1115;42;1105.0;0.0
4;17400;GIFT_BASKET;69196;1;69195;20;69194;30;69207;1;69208;20;69209;30;69201.5;0.0
4;17400;ORCHIDS;1099;5;1098;2;1091;55;1107;5;1108;2;1115;55;1103.0;0.0
4;17400;CHOCOLATE;7839;109;;;;;7840;56;7841;53;;;7839.5;0.0
4;17400;AMETHYSTS;9996;1;9995;30;;;10002;4;10004;1;10005;30;9999.0;0.0
4;17400;STARFRUIT;4908;31;;;;;4913;2;4914;1;4915;30;4910.5;0.0
4;17400;ROSES;13750;71;;;;;13751;30;13752;41;;;13750.5;0.0
4;17400;STRAWBERRIES;3952;160;;;;;3953;160;;;;;3952.5;0.0
4;17400;COCONUT;9893;182;;;;;9895;142;9896;40;;;9894.0;0.0
4;17400;COCONUT_COUPON;582;51;;;;;583;51;;;;;582.5;0.0
4;17500;AMETHYSTS;9996;2;9995;21;;;10004;2;10005;21;;;10000.0;0.0
4;17500;STARFRUIT;4913;1;4908;2;4907;21;4914;23;;;;;4913.5;0.0
4;17500;ROSES;13752;47;;;;;13753;47;;;;;13752.5;0.0
4;17500;GIFT_BASKET;69187;2;69186;20;69184;17;69197;2;69198;20;69199;17;69192.0;0.0
4;17500;ORCHIDS;1098;6;1097;5;1090;47;1106;6;1107;5;1114;47;1102.0;0.0
4;17500;COCONUT;9894;174;;;;;9896;123;9897;51;;;9895.0;0.0
4;17500;CHOCOLATE;7839;63;7838;89;;;7840;152;;;;;7839.5;0.0
4;17500;COCONUT_COUPON;584;39;;;;;585;39;;;;;584.5;0.0
4;17500;STRAWBERRIES;3951;212;;;;;3953;212;;;;;3952.0;0.0
4;17600;STARFRUIT;4913;1;4908;4;4907;26;4914;26;;;;;4913.5;0.0
4;17600;ROSES;13751;63;;;;;13752;63;;;;;13751.5;0.0
4;17600;STRAWBERRIES;3951;180;;;;;3952;70;3953;110;;;3951.5;0.0
4;17600;COCONUT;9894;193;;;;;9896;124;9897;69;;;9895.0;0.0
4;17600;COCONUT_COUPON;584;42;;;;;585;42;;;;;584.5;0.0
4;17600;GIFT_BASKET;69183;2;69182;15;69181;25;69194;2;69195;15;69196;25;69188.5;0.0
4;17600;ORCHIDS;1098;7;1097;3;1090;46;1106;7;1107;3;1114;46;1102.0;0.0
4;17600;CHOCOLATE;7839;128;;;;;7841;128;;;;;7840.0;0.0
4;17600;AMETHYSTS;9996;2;9995;24;;;10004;2;10005;24;;;10000.0;0.0
4;17700;COCONUT;9893;135;9892;47;;;9894;135;9895;47;;;9893.5;0.0
4;17700;CHOCOLATE;7839;61;7838;56;;;7840;61;7841;56;;;7839.5;0.0
4;17700;COCONUT_COUPON;585;44;;;;;586;34;;;;;585.5;0.0
4;17700;STRAWBERRIES;3950;190;;;;;3952;190;;;;;3951.0;0.0
4;17700;AMETHYSTS;9996;1;9995;21;;;10004;1;10005;21;;;10000.0;0.0
4;17700;STARFRUIT;4908;1;4907;21;;;4914;22;;;;;4911.0;0.0
4;17700;ROSES;13751;62;;;;;13752;23;13753;39;;;13751.5;0.0
4;17700;GIFT_BASKET;69177;1;69176;10;69175;23;69187;1;69188;10;69190;23;69182.0;0.0
4;17700;ORCHIDS;1098;9;1097;3;1090;40;1106;9;1107;3;1114;40;1102.0;0.0
4;17800;ORCHIDS;1098;6;1097;5;1090;42;1106;6;1107;5;1114;42;1102.0;0.0
4;17800;GIFT_BASKET;69189;2;69188;14;69187;23;69199;2;69200;14;69201;23;69194.0;0.0
4;17800;CHOCOLATE;7839;42;7838;85;;;7840;127;;;;;7839.5;0.0
