day;timestamp;product;bid_price_1;bid_volume_1;bid_price_2;bid_volume_2;bid_price_3;bid_volume_3;ask_price_1;ask_volume_1;ask_price_2;ask_volume_2;ask_price_3;ask_volume_3;mid_price;profit_and_loss
2;0;AMETHYSTS;9998;3;9996;1;9995;21;10004;1;10005;21;;;10001.0;0.0
2;0;ORCHIDS;1053;10;1052;3;1046;41;1059;10;1060;3;1067;41;1056.0;0.0
2;0;STARFRUIT;5023;1;5022;22;;;5029;22;;;;;5026.0;0.0
2;100;AMETHYSTS;9995;26;;;;;9998;1;10005;26;;;9996.5;0.0
2;100;STARFRUIT;5022;26;;;;;5027;5;5029;26;;;5024.5;0.0
2;100;ORCHIDS;1051;6;1050;2;1045;51;1058;6;1059;2;1065;51;1054.5;0.0
2;200;AMETHYSTS;9996;2;9995;30;;;9998;1;10004;2;10005;30;9997.0;0.0
2;200;ORCHIDS;1051;6;1050;3;1045;49;1058;6;1059;3;1065;49;1054.5;0.0
2;200;STARFRUIT;5027;1;5022;2;5021;30;5028;32;;;;;5027.5;0.0
2;300;STARFRUIT;5022;27;;;;;5029;28;;;;;5025.5;0.0
2;300;ORCHIDS;1052;10;1051;4;1045;52;1059;10;1060;4;1066;52;1055.5;0.0
2;300;AMETHYSTS;9996;1;9995;27;;;9998;1;10004;1;10005;27;9997.0;0.0
2;400;AMETHYSTS;9995;25;;;;;10005;25;;;;;10000.0;0.0
2;400;ORCHIDS;1053;10;1052;3;1046;51;1060;10;1061;3;1067;51;1056.5;0.0
2;400;STARFRUIT;5022;5;5021;25;;;5028;25;;;;;5025.0;0.0
2;500;AMETHYSTS;9995;22;;;;;10005;22;;;;;10000.0;0.0
2;500;STARFRUIT;5022;22;;;;;5029;22;;;;;5025.5;0.0
2;500;ORCHIDS;1053;5;1052;4;1047;41;1060;5;1061;4;1067;41;1056.5;0.0
2;600;AMETHYSTS;9995;25;;;;;10005;25;;;;;10000.0;0.0
2;600;ORCHIDS;1054;10;1053;3;1048;49;1061;10;1062;3;1068;49;1057.5;0.0
2;600;STARFRUIT;5022;25;;;;;5027;2;5029;25;;;5024.5;0.0
2;700;STARFRUIT;5023;5;5022;23;;;5029;23;;;;;5026.0;0.0
2;700;ORCHIDS;1054;6;1053;5;1047;41;1061;6;1062;5;1068;41;1057.5;0.0
2;700;AMETHYSTS;9995;23;;;;;9998;9;10005;23;;;9996.5;0.0
2;800;ORCHIDS;1054;10;1053;3;1048;47;1061;10;1062;3;1068;47;1057.5;0.0
2;800;STARFRUIT;5022;28;;;;;5028;1;5029;27;;;5025.0;0.0
2;800;AMETHYSTS;9996;1;9995;27;;;10004;1;10005;27;;;10000.0;0.0
2;900;AMETHYSTS;9995;21;;;;;10005;21;;;;;10000.0;0.0
2;900;STARFRUIT;5021;21;;;;;5028;21;;;;;5024.5;0.0
2;900;ORCHIDS;1054;10;1053;5;1048;45;1061;10;1062;5;1068;45;1057.5;0.0
2;1000;ORCHIDS;1054;8;1053;3;1047;54;1061;8;1062;3;1068;54;1057.5;0.0
2;1000;STARFRUIT;5022;2;5021;28;;;5028;30;;;;;5025.0;0.0
2;1000;AMETHYSTS;10002;2;9996;2;9995;28;10004;2;10005;28;;;10003.0;0.0
2;1100;STARFRUIT;5022;30;;;;;5028;2;5029;28;;;5025.0;0.0
2;1100;ORCHIDS;1054;10;1053;3;1047;57;1060;10;1061;3;1068;57;1057.0;0.0
2;1100;AMETHYSTS;9996;2;9995;28;;;10004;2;10005;28;;;10000.0;0.0
2;1200;ORCHIDS;1055;9;1054;5;1049;49;1062;9;1063;5;1069;49;1058.5;0.0
2;1200;STARFRUIT;5022;29;;;;;5028;1;5029;28;;;5025.0;0.0
2;1200;AMETHYSTS;9996;1;9995;28;;;10004;1;10005;28;;;10000.0;0.0
2;1300;ORCHIDS;1055;6;1054;4;1049;39;1062;6;1063;4;1069;39;1058.5;0.0
2;1300;AMETHYSTS;9995;23;;;;;9998;1;10002;7;10005;23;9996.5;0.0
2;1300;STARFRUIT;5021;23;;;;;5028;23;;;;;5024.5;0.0
2;1400;STARFRUIT;5022;26;;;;;5028;2;5029;24;;;5025.0;0.0
2;1400;AMETHYSTS;9996;2;9995;24;;;10002;4;10004;2;10005;24;9999.0;0.0
2;1400;ORCHIDS;1058;5;1057;4;1051;45;1065;5;1066;4;1072;45;1061.5;0.0
2;1500;STARFRUIT;5022;30;;;;;5028;2;5029;29;;;5025.0;0.0
2;1500;ORCHIDS;1057;9;1056;2;1050;54;1064;9;1065;2;1071;54;1060.5;0.0
2;1500;AMETHYSTS;9996;2;9995;29;;;10002;7;10004;2;10005;29;9999.0;0.0
2;1600;ORCHIDS;1058;7;1057;2;1051;42;1065;7;1066;2;1072;42;1061.5;0.0
2;1600;STARFRUIT;5022;24;;;;;5029;24;;;;;5025.5;0.0
2;1600;AMETHYSTS;9996;1;9995;23;;;10004;1;10005;23;;;10000.0;0.0
2;1700;ORCHIDS;1057;8;1056;4;1051;50;1064;8;1065;4;1071;50;1060.5;0.0
2;1700;AMETHYSTS;9995;24;;;;;10005;24;;;;;10000.0;0.0
2;1700;STARFRUIT;5022;24;;;;;5029;24;;;;;5025.5;0.0
2;1800;STARFRUIT;5022;30;;;;;5029;30;;;;;5025.5;0.0
2;1800;AMETHYSTS;9996;2;9995;28;;;10004;2;10005;28;;;10000.0;0.0
2;1800;ORCHIDS;1056;6;1055;4;1050;49;1063;6;1064;4;1070;49;1059.5;0.0
2;1900;STARFRUIT;5022;26;;;;;5029;26;;;;;5025.5;0.0
2;1900;ORCHIDS;1056;5;1055;4;1050;40;1063;5;1064;4;1070;40;1059.5;0.0
2;1900;AMETHYSTS;9998;8;9996;2;9995;24;10004;2;10005;24;;;10001.0;0.0
2;2000;ORCHIDS;1059;8;1058;2;1052;41;1066;8;1067;2;1073;41;1062.5;0.0
2;2000;STARFRUIT;5022;22;;;;;5027;1;5029;22;;;5024.5;0.0
2;2000;AMETHYSTS;9995;22;;;;;10005;22;;;;;10000.0;0.0
2;2100;ORCHIDS;1058;7;1057;3;1051;48;1065;7;1066;3;1072;48;1061.5;0.0
2;2100;AMETHYSTS;9995;25;;;;;10005;25;;;;;10000.0;0.0
2;2100;STARFRUIT;5021;25;;;;;5028;25;;;;;5024.5;0.0
2;2200;STARFRUIT;5022;31;;;;;5029;31;;;;;5025.5;0.0
2;2200;AMETHYSTS;9996;2;9995;29;;;10004;2;10005;29;;;10000.0;0.0
2;2200;ORCHIDS;1058;7;1057;2;1051;48;1064;7;1065;2;1072;48;1061.0;0.0
2;2300;STARFRUIT;5022;21;;;;;5029;21;;;;;5025.5;0.0
2;2300;ORCHIDS;1056;9;1055;4;1049;47;1063;9;1064;4;1070;47;1059.5;0.0
2;2300;AMETHYSTS;9996;1;9995;20;;;10004;1;10005;20;;;10000.0;0.0
2;2400;ORCHIDS;1057;10;1056;3;1050;51;1064;10;1065;3;1071;51;1060.5;0.0
2;2400;STARFRUIT;5027;1;5022;4;5021;25;5028;1;5029;25;;;5027.5;0.0
2;2400;AMETHYSTS;10002;1;9996;1;9995;25;10004;1;10005;25;;;10003.0;0.0
2;2500;ORCHIDS;1056;10;1055;3;1049;48;1063;10;1064;3;1070;48;1059.5;0.0
2;2500;AMETHYSTS;9995;27;;;;;10005;27;;;;;10000.0;0.0
2;2500;STARFRUIT;5021;27;;;;;5028;27;;;;;5024.5;0.0
2;2600;STARFRUIT;5022;21;;;;;5028;1;5029;20;;;5025.0;0.0
2;2600;AMETHYSTS;9996;1;9995;20;;;10004;1;10005;20;;;10000.0;0.0
2;2600;ORCHIDS;1055;6;1054;5;1048;36;1062;6;1063;5;1069;36;1058.5;0.0
2;2700;STARFRUIT;5027;1;5023;2;5022;31;5028;2;5029;29;;;5027.5;0.0
2;2700;ORCHIDS;1055;8;1054;3;1049;48;1062;8;1063;3;1069;48;1058.5;0.0
2;2700;AMETHYSTS;9996;2;9995;29;;;10004;2;10005;29;;;10000.0;0.0
2;2800;ORCHIDS;1055;8;1054;5;1049;42;1062;8;1063;5;1069;42;1058.5;0.0
2;2800;STARFRUIT;5024;5;5022;22;;;5030;22;;;;;5027.0;0.0
2;2800;AMETHYSTS;9995;22;;;;;10005;22;;;;;10000.0;0.0
2;2900;ORCHIDS;1054;10;1053;4;1048;47;1061;10;1062;4;1068;47;1057.5;0.0
2;2900;AMETHYSTS;9996;1;9995;21;;;10002;6;10004;1;10005;21;9999.0;0.0
2;2900;STARFRUIT;5023;22;;;;;5030;22;;;;;5026.5;0.0
2;3000;STARFRUIT;5023;28;;;;;5030;28;;;;;5026.5;0.0
2;3000;AMETHYSTS;9996;1;9995;27;;;10004;1;10005;27;;;10000.0;0.0
2;3000;ORCHIDS;1054;10;1053;5;1048;48;1061;10;1062;5;1068;48;1057.5;0.0
2;3100;STARFRUIT;5023;25;;;;;5030;25;;;;;5026.5;0.0
2;3100;ORCHIDS;1055;5;1054;3;1048;48;1062;5;1063;3;1069;48;1058.5;0.0
2;3100;AMETHYSTS;9995;25;;;;;10005;25;;;;;10000.0;0.0
2;3200;ORCHIDS;1053;6;1052;5;1047;46;1060;6;1061;5;1067;46;1056.5;0.0
2;3200;STARFRUIT;5023;29;;;;;5028;7;5030;29;;;5025.5;0.0
2;3200;AMETHYSTS;9996;1;9995;28;;;10004;1;10005;28;;;10000.0;0.0
2;3300;ORCHIDS;1053;6;1052;3;1046;44;1060;6;1061;3;1067;44;1056.5;0.0
2;3300;AMETHYSTS;9998;3;9996;2;9995;26;10004;2;10005;26;;;10001.0;0.0
2;3300;STARFRUIT;5023;28;;;;;5030;28;;;;;5026.5;0.0
2;3400;STARFRUIT;5025;3;5022;26;;;5029;26;;;;;5027.0;0.0
2;3400;AMETHYSTS;10000;2;9996;1;9995;25;10004;1;10005;25;;;10002.0;0.0
2;3400;ORCHIDS;1052;6;1051;2;1045;50;1059;6;1060;2;1066;50;1055.5;0.0
2;3500;STARFRUIT;5022;23;;;;;5027;1;5029;23;;;5024.5;0.0
2;3500;AMETHYSTS;9996;2;9995;21;;;10004;2;10005;21;;;10000.0;0.0
2;3500;ORCHIDS;1053;6;1052;3;1046;41;1060;6;1061;3;1067;41;1056.5;0.0
2;3600;ORCHIDS;1055;8;1054;5;1048;53;1062;8;1063;5;1069;53;1058.5;0.0
2;3600;STARFRUIT;5025;3;5022;30;;;5029;30;;;;;5027.0;0.0
2;3600;AMETHYSTS;10000;3;9995;30;;;10002;5;10005;30;;;10001.0;0.0
2;3700;AMETHYSTS;9998;6;9996;1;9995;24;10004;1;10005;24;;;10001.0;0.0
2;3700;ORCHIDS;1056;5;1055;3;1050;45;1063;5;1064;3;1070;45;1059.5;0.0
2;3700;STARFRUIT;5021;25;;;;;5023;5;5026;2;5028;25;5022.0;0.0
2;3800;STARFRUIT;5021;30;;;;;5027;1;5028;29;;;5024.0;0.0
2;3800;AMETHYSTS;9996;1;9995;29;;;10004;1;10005;29;;;10000.0;0.0
2;3800;ORCHIDS;1055;10;1054;5;1049;50;1062;10;1063;5;1069;50;1058.5;0.0
2;3900;STARFRUIT;5021;7;5020;26;;;5027;28;;;;;5024.0;0.0
2;3900;AMETHYSTS;10002;4;9996;2;9995;26;10004;2;10005;26;;;10003.0;0.0
2;3900;ORCHIDS;1054;8;1053;3;1048;45;1061;8;1062;3;1068;45;1057.5;0.0
2;4000;ORCHIDS;1054;10;1053;4;1048;56;1061;10;1062;4;1068;56;1057.5;0.0
2;4000;STARFRUIT;5021;2;5020;30;;;5027;32;;;;;5024.0;0.0
2;4000;AMETHYSTS;9996;2;9995;30;;;10004;2;10005;30;;;10000.0;0.0
2;4100;AMETHYSTS;9996;1;9995;25;;;10002;4;10004;1;10005;25;9999.0;0.0
2;4100;ORCHIDS;1053;8;1052;5;1047;44;1060;8;1061;5;1067;44;1056.5;0.0
2;4100;STARFRUIT;5021;1;5020;25;;;5027;26;;;;;5024.0;0.0
2;4200;STARFRUIT;5020;28;;;;;5027;28;;;;;5023.5;0.0
2;4200;AMETHYSTS;9996;2;9995;26;;;9998;5;10004;2;10005;26;9997.0;0.0
2;4200;ORCHIDS;1054;6;1053;5;1048;52;1061;6;1062;5;1068;52;1057.5;0.0
2;4300;STARFRUIT;5020;25;;;;;5023;5;5027;25;;;5021.5;0.0
2;4300;AMETHYSTS;9996;1;9995;24;;;10000;5;10004;1;10005;24;9998.0;0.0
2;4300;ORCHIDS;1054;9;1053;5;1048;51;1061;9;1062;5;1068;51;1057.5;0.0
2;4400;ORCHIDS;1057;5;1056;5;1050;43;1064;5;1065;5;1071;43;1060.5;0.0
2;4400;STARFRUIT;5020;22;;;;;5027;22;;;;;5023.5;0.0
2;4400;AMETHYSTS;9995;22;;;;;10005;22;;;;;10000.0;0.0
2;4500;AMETHYSTS;9995;26;;;;;10005;26;;;;;10000.0;0.0
2;4500;ORCHIDS;1055;7;1054;5;1049;44;1062;7;1063;5;1069;44;1058.5;0.0
2;4500;STARFRUIT;5020;26;;;;;5027;26;;;;;5023.5;0.0
2;4600;STARFRUIT;5025;1;5020;1;5019;21;5026;22;;;;;5025.5;0.0
2;4600;AMETHYSTS;9996;1;9995;21;;;10004;1;10005;21;;;10000.0;0.0
2;4600;ORCHIDS;1053;9;1052;3;1046;42;1060;9;1061;3;1067;42;1056.5;0.0
2;4700;STARFRUIT;5020;8;5019;27;;;5026;27;;;;;5023.0;0.0
2;4700;AMETHYSTS;9995;27;;;;;10005;27;;;;;10000.0;0.0
2;4700;ORCHIDS;1053;6;1052;3;1047;52;1060;6;1061;3;1067;52;1056.5;0.0
2;4800;ORCHIDS;1055;8;1054;2;1049;53;1062;8;1063;2;1069;53;1058.5;0.0
2;4800;STARFRUIT;5019;29;;;;;5026;29;;;;;5022.5;0.0
2;4800;AMETHYSTS;9996;1;9995;28;;;10004;1;10005;28;;;10000.0;0.0
2;4900;AMETHYSTS;9998;7;9996;2;9995;27;10004;2;10005;27;;;10001.0;0.0
2;4900;ORCHIDS;1058;5;1057;2;1051;47;1065;5;1066;2;1072;47;1061.5;0.0
2;4900;STARFRUIT;5019;29;;;;;5026;29;;;;;5022.5;0.0
2;5000;STARFRUIT;5020;6;5019;31;;;5026;31;;;;;5023.0;0.0
2;5000;AMETHYSTS;9996;2;9995;29;;;10004;2;10005;29;;;10000.0;0.0
2;5000;ORCHIDS;1059;8;1058;4;1052;53;1066;8;1067;4;1073;53;1062.5;0.0
2;5100;STARFRUIT;5019;1;5018;25;;;5025;25;;;;;5022.0;0.0
2;5100;AMETHYSTS;9996;1;9995;24;;;10004;1;10005;24;;;10000.0;0.0
2;5100;ORCHIDS;1060;6;1059;2;1053;43;1067;6;1068;2;1074;43;1063.5;0.0
2;5200;ORCHIDS;1061;9;1060;2;1055;51;1068;9;1069;2;1075;51;1064.5;0.0
2;5200;STARFRUIT;5018;30;;;;;5024;1;5025;29;;;5021.0;0.0
2;5200;AMETHYSTS;9998;6;9996;1;9995;29;10004;1;10005;29;;;10001.0;0.0
2;5300;ORCHIDS;1061;9;1060;5;1054;41;1068;9;1069;5;1075;41;1064.5;0.0
2;5300;STARFRUIT;5023;1;5018;22;;;5025;22;;;;;5024.0;0.0
2;5300;AMETHYSTS;9996;1;9995;21;;;10004;1;10005;21;;;10000.0;0.0
2;5400;STARFRUIT;5018;22;;;;;5019;5;5023;7;5025;22;5018.5;0.0
2;5400;AMETHYSTS;9998;9;9996;2;9995;20;10004;2;10005;20;;;10001.0;0.0
2;5400;ORCHIDS;1062;6;1061;5;1056;39;1069;6;1070;5;1076;39;1065.5;0.0
2;5500;STARFRUIT;5018;29;;;;;5025;29;;;;;5021.5;0.0
2;5500;AMETHYSTS;9996;1;9995;28;;;10004;1;10005;28;;;10000.0;0.0
2;5500;ORCHIDS;1065;10;1064;3;1058;56;1072;10;1073;3;1079;56;1068.5;0.0
2;5600;AMETHYSTS;9995;21;;;;;10002;6;10005;21;;;9998.5;0.0
2;5600;ORCHIDS;1067;5;1066;2;1061;43;1074;5;1075;2;1081;43;1070.5;0.0
2;5600;STARFRUIT;5019;8;5018;21;;;5025;21;;;;;5022.0;0.0
2;5700;ORCHIDS;1067;7;1066;5;1060;55;1074;7;1075;5;1081;55;1070.5;0.0
2;5700;STARFRUIT;5020;7;5019;30;;;5025;1;5026;29;;;5022.5;0.0
2;5700;AMETHYSTS;9996;1;9995;29;;;10004;1;10005;29;;;10000.0;0.0
2;5800;STARFRUIT;5020;7;5019;30;;;5026;30;;;;;5023.0;0.0
2;5800;ORCHIDS;1067;10;1066;4;1060;53;1074;10;1075;4;1081;53;1070.5;0.0
2;5800;AMETHYSTS;9996;2;9995;28;;;10002;5;10004;2;10005;28;9999.0;0.0
2;5900;STARFRUIT;5023;4;5019;2;5018;29;5025;31;;;;;5024.0;0.0
2;5900;AMETHYSTS;9996;2;9995;29;;;10004;2;10005;29;;;10000.0;0.0
2;5900;ORCHIDS;1067;9;1066;5;1061;52;1074;9;1075;5;1081;52;1070.5;0.0
2;6000;ORCHIDS;1068;10;1067;4;1062;58;1075;10;1076;4;1082;58;1071.5;0.0
2;6000;AMETHYSTS;9998;7;9996;2;9995;30;10004;2;10005;30;;;10001.0;0.0
2;6000;STARFRUIT;5018;32;;;;;5025;32;;;;;5021.5;0.0
2;6100;ORCHIDS;1069;8;1068;5;1062;49;1076;8;1077;5;1083;49;1072.5;0.0
2;6100;STARFRUIT;5018;29;;;;;5019;5;5023;8;5025;29;5018.5;0.0
2;6100;AMETHYSTS;10002;11;9996;1;9995;28;10004;1;10005;28;;;10003.0;0.0
2;6200;STARFRUIT;5018;21;;;;;5025;21;;;;;5021.5;0.0
2;6200;ORCHIDS;1068;9;1067;2;1061;43;1075;9;1076;2;1082;43;1071.5;0.0
2;6200;AMETHYSTS;9996;1;9995;20;;;10004;1;10005;20;;;10000.0;0.0
2;6300;STARFRUIT;5018;22;;;;;5025;22;;;;;5021.5;0.0
2;6300;AMETHYSTS;9995;22;;;;;10005;22;;;;;10000.0;0.0
2;6300;ORCHIDS;1065;9;1064;2;1059;46;1072;9;1073;2;1079;46;1068.5;0.0
2;6400;ORCHIDS;1065;7;1064;4;1059;48;1072;7;1073;4;1079;48;1068.5;0.0
2;6400;AMETHYSTS;9996;2;9995;23;;;9998;1;10004;2;10005;23;9997.0;0.0
2;6400;STARFRUIT;5023;3;5018;25;;;5025;25;;;;;5024.0;0.0
2;6500;ORCHIDS;1065;9;1064;4;1058;46;1072;9;1073;4;1079;46;1068.5;0.0
2;6500;STARFRUIT;5019;2;5018;24;;;5025;26;;;;;5022.0;0.0
2;6500;AMETHYSTS;9996;2;9995;24;;;10004;2;10005;24;;;10000.0;0.0
2;6600;STARFRUIT;5018;25;;;;;5025;25;;;;;5021.5;0.0
2;6600;ORCHIDS;1064;10;1063;4;1057;48;1071;10;1072;4;1078;48;1067.5;0.0
2;6600;AMETHYSTS;9998;6;9995;25;;;10005;25;;;;;10001.5;0.0
2;6700;STARFRUIT;5018;30;;;;;5025;30;;;;;5021.5;0.0
2;6700;AMETHYSTS;9996;1;9995;29;;;9998;5;10004;1;10005;29;9997.0;0.0
2;6700;ORCHIDS;1066;9;1065;2;1059;51;1073;9;1074;2;1080;51;1069.5;0.0
2;6800;ORCHIDS;1065;5;1064;5;1059;50;1072;5;1073;5;1079;50;1068.5;0.0
2;6800;AMETHYSTS;9996;1;9995;30;;;10002;1;10004;1;10005;30;9999.0;0.0
2;6800;STARFRUIT;5019;3;5018;30;;;5025;1;5026;30;;;5022.0;0.0
2;6900;ORCHIDS;1065;5;1064;5;1058;41;1072;5;1073;5;1079;41;1068.5;0.0
2;6900;STARFRUIT;5018;24;;;;;5025;24;;;;;5021.5;0.0
2;6900;AMETHYSTS;9996;2;9995;22;;;10002;2;10004;2;10005;22;9999.0;0.0
2;7000;STARFRUIT;5022;2;5019;1;5018;23;5024;1;5025;22;;;5023.0;0.0
2;7000;ORCHIDS;1064;10;1063;3;1057;48;1071;10;1072;3;1078;48;1067.5;0.0
2;7000;AMETHYSTS;9996;1;9995;22;;;10004;1;10005;22;;;10000.0;0.0
2;7100;STARFRUIT;5018;27;;;;;5024;2;5025;25;;;5021.0;0.0
2;7100;AMETHYSTS;9996;2;9995;25;;;10004;2;10005;25;;;10000.0;0.0
2;7100;ORCHIDS;1063;6;1062;5;1057;49;1070;6;1071;5;1077;49;1066.5;0.0
2;7200;ORCHIDS;1063;8;1062;3;1057;38;1070;8;1071;3;1077;38;1066.5;0.0
2;7200;AMETHYSTS;9995;20;;;;;10005;20;;;;;10000.0;0.0
2;7200;STARFRUIT;5018;20;;;;;5025;20;;;;;5021.5;0.0
2;7300;ORCHIDS;1062;8;1061;3;1056;44;1069;8;1070;3;1076;44;1065.5;0.0
2;7300;STARFRUIT;5018;22;;;;;5023;8;5025;22;;;5020.5;0.0
2;7300;AMETHYSTS;9996;1;9995;21;;;10004;1;10005;21;;;10000.0;0.0
2;7400;ORCHIDS;1064;10;1063;3;1057;46;1071;10;1072;3;1078;46;1067.5;0.0
2;7400;AMETHYSTS;9996;2;9995;26;;;10004;2;10005;26;;;10000.0;0.0
2;7400;STARFRUIT;5019;1;5018;26;;;5025;28;;;;;5022.0;0.0
2;7500;AMETHYSTS;9995;21;;;;;10005;21;;;;;10000.0;0.0
2;7500;STARFRUIT;5018;21;;;;;5025;21;;;;;5021.5;0.0
2;7500;ORCHIDS;1064;8;1063;4;1057;40;1071;8;1072;4;1078;40;1067.5;0.0
2;7600;ORCHIDS;1066;9;1065;5;1059;53;1073;9;1074;5;1080;53;1069.5;0.0
2;7600;AMETHYSTS;9998;2;9996;1;9995;30;10004;1;10005;30;;;10001.0;0.0
2;7600;STARFRUIT;5019;31;;;;;5025;1;5026;30;;;5022.0;0.0
2;7700;STARFRUIT;5019;25;;;;;5026;25;;;;;5022.5;0.0
2;7700;ORCHIDS;1063;7;1062;3;1057;44;1070;7;1071;3;1077;44;1066.5;0.0
2;7700;AMETHYSTS;9995;25;;;;;9998;1;10002;3;10005;25;9996.5;0.0
2;7800;ORCHIDS;1065;8;1064;3;1059;41;1072;8;1073;3;1079;41;1068.5;0.0
2;7800;AMETHYSTS;9995;22;;;;;10002;1;10005;22;;;9998.5;0.0
2;7800;STARFRUIT;5024;1;5019;22;;;5026;22;;;;;5025.0;0.0
2;7900;AMETHYSTS;9996;1;9995;23;;;10004;1;10005;23;;;10000.0;0.0
2;7900;STARFRUIT;5019;24;;;;;5024;1;5025;1;5026;23;5021.5;0.0
2;7900;ORCHIDS;1064;6;1063;2;1057;41;1071;6;1072;2;1078;41;1067.5;0.0
2;8000;AMETHYSTS;9995;22;;;;;10002;8;10005;22;;;9998.5;0.0
2;8000;ORCHIDS;1069;2;1064;9;1063;2;1071;9;1072;2;1078;48;1070.0;0.0
2;8000;STARFRUIT;5019;22;;;;;5026;22;;;;;5022.5;0.0
2;8100;STARFRUIT;5019;31;;;;;5026;31;;;;;5022.5;0.0
2;8100;ORCHIDS;1066;6;1065;2;1059;47;1073;6;1074;2;1080;47;1069.5;0.0
2;8100;AMETHYSTS;9996;1;9995;30;;;10004;1;10005;30;;;10000.0;0.0
2;8200;AMETHYSTS;9995;24;;;;;10005;24;;;;;10000.0;0.0
2;8200;ORCHIDS;1065;5;1064;2;1058;43;1072;5;1073;2;1079;43;1068.5;0.0
2;8200;STARFRUIT;5018;24;;;;;5023;7;5025;24;;;5020.5;0.0
2;8300;AMETHYSTS;9996;1;9995;23;;;10004;1;10005;23;;;10000.0;0.0
2;8300;STARFRUIT;5019;8;5018;24;;;5025;24;;;;;5022.0;0.0
2;8300;ORCHIDS;1066;6;1065;4;1059;43;1073;6;1074;4;1080;43;1069.5;0.0
2;8400;AMETHYSTS;9996;1;9995;23;;;10004;1;10005;23;;;10000.0;0.0
2;8400;ORCHIDS;1065;9;1064;3;1059;46;1072;9;1073;3;1079;46;1068.5;0.0
2;8400;STARFRUIT;5019;1;5018;23;;;5025;24;;;;;5022.0;0.0
2;8500;STARFRUIT;5018;21;;;;;5025;21;;;;;5021.5;0.0
2;8500;ORCHIDS;1066;7;1065;2;1059;39;1073;7;1074;2;1080;39;1069.5;0.0
2;8500;AMETHYSTS;9995;21;;;;;10005;21;;;;;10000.0;0.0
2;8600;AMETHYSTS;9996;1;9995;24;;;10004;1;10005;24;;;10000.0;0.0
2;8600;ORCHIDS;1064;8;1063;4;1057;46;1071;8;1072;4;1078;46;1067.5;0.0
2;8600;STARFRUIT;5019;1;5018;24;;;5025;25;;;;;5022.0;0.0
2;8700;AMETHYSTS;9995;30;;;;;10005;30;;;;;10000.0;0.0
2;8700;STARFRUIT;5019;30;;;;;5026;30;;;;;5022.5;0.0
2;8700;ORCHIDS;1062;7;1061;2;1056;51;1069;7;1070;2;1076;51;1065.5;0.0
2;8800;AMETHYSTS;9998;1;9996;2;9995;22;10004;2;10005;22;;;10001.0;0.0
2;8800;ORCHIDS;1063;8;1062;3;1057;44;1070;8;1071;3;1077;44;1066.5;0.0
2;8800;STARFRUIT;5018;24;;;;;5025;24;;;;;5021.5;0.0
2;8900;STARFRUIT;5018;29;;;;;5024;2;5025;27;;;5021.0;0.0
2;8900;ORCHIDS;1063;9;1062;4;1056;48;1070;9;1071;4;1077;48;1066.5;0.0
2;8900;AMETHYSTS;9996;2;9995;27;;;10004;2;10005;27;;;10000.0;0.0
2;9000;AMETHYSTS;9995;20;;;;;10005;20;;;;;10000.0;0.0
2;9000;ORCHIDS;1063;7;1062;3;1057;47;1070;7;1071;3;1077;47;1066.5;0.0
2;9000;STARFRUIT;5018;20;;;;;5023;2;5025;20;;;5020.5;0.0
2;9100;AMETHYSTS;9998;3;9996;1;9995;25;10004;1;10005;25;;;10001.0;0.0
2;9100;STARFRUIT;5018;26;;;;;5024;1;5025;25;;;5021.0;0.0
2;9100;ORCHIDS;1062;5;1061;3;1056;43;1066;9;1069;5;1070;3;1064.0;0.0
2;9200;AMETHYSTS;9998;2;9995;21;;;10005;21;;;;;10001.5;0.0
2;9200;ORCHIDS;1062;9;1061;2;1056;47;1069;9;1070;2;1076;47;1065.5;0.0
2;9200;STARFRUIT;5017;21;;;;;5023;6;5025;21;;;5020.0;0.0
2;9300;STARFRUIT;5023;1;5018;25;;;5025;25;;;;;5024.0;0.0
2;9300;ORCHIDS;1060;8;1059;4;1054;43;1067;8;1068;4;1074;43;1063.5;0.0
2;9300;AMETHYSTS;9996;2;9995;23;;;10004;2;10005;23;;;10000.0;0.0
2;9400;AMETHYSTS;9995;30;;;;;10005;30;;;;;10000.0;0.0
2;9400;ORCHIDS;1059;9;1058;3;1053;49;1066;9;1067;3;1073;49;1062.5;0.0
2;9400;STARFRUIT;5018;30;;;;;5019;1;5025;30;;;5018.5;0.0
2;9500;AMETHYSTS;9996;1;9995;27;;;10004;1;10005;27;;;10000.0;0.0
2;9500;STARFRUIT;5019;6;5018;28;;;5025;28;;;;;5022.0;0.0
2;9500;ORCHIDS;1057;8;1056;4;1050;48;1064;8;1065;4;1071;48;1060.5;0.0
2;9600;AMETHYSTS;9998;6;9996;2;9995;30;10004;2;10005;30;;;10001.0;0.0
2;9600;ORCHIDS;1058;10;1057;3;1052;50;1065;10;1066;3;1072;50;1061.5;0.0
2;9600;STARFRUIT;5024;1;5018;32;;;5025;32;;;;;5024.5;0.0
2;9700;STARFRUIT;5019;3;5018;26;;;5025;27;;;;;5022.0;0.0
2;9700;ORCHIDS;1059;5;1058;3;1052;50;1066;5;1067;3;1073;50;1062.5;0.0
2;9700;AMETHYSTS;9996;1;9995;26;;;10004;1;10005;26;;;10000.0;0.0
2;9800;ORCHIDS;1060;10;1059;5;1053;49;1067;10;1068;5;1074;49;1063.5;0.0
2;9800;STARFRUIT;5019;30;;;;;5024;2;5026;30;;;5021.5;0.0
2;9800;AMETHYSTS;9996;1;9995;29;;;9998;1;10002;8;10004;1;9997.0;0.0
2;9900;AMETHYSTS;9998;2;9996;2;9995;29;10000;6;10004;2;10005;29;9999.0;0.0
2;9900;STARFRUIT;5019;31;;;;;5022;5;5025;2;5026;29;5020.5;0.0
2;9900;ORCHIDS;1065;5;1062;5;1061;4;1069;5;1070;4;1076;54;1067.0;0.0
2;10000;ORCHIDS;1063;10;1062;5;1056;47;1070;10;1071;5;1077;47;1066.5;0.0
2;10000;STARFRUIT;5020;7;5019;23;;;5026;23;;;;;5023.0;0.0
2;10000;AMETHYSTS;9995;23;;;;;10002;1;10005;23;;;9998.5;0.0
2;10100;STARFRUIT;5019;22;;;;;5026;22;;;;;5022.5;0.0
2;10100;ORCHIDS;1065;7;1064;4;1058;41;1072;7;1073;4;1079;41;1068.5;0.0
2;10100;AMETHYSTS;9995;22;;;;;10005;22;;;;;10000.0;0.0
2;10200;ORCHIDS;1066;5;1065;4;1059;48;1073;5;1074;4;1080;48;1069.5;0.0
2;10200;STARFRUIT;5019;25;;;;;5026;25;;;;;5022.5;0.0
2;10200;AMETHYSTS;9996;2;9995;23;;;10002;1;10004;2;10005;23;9999.0;0.0
2;10300;ORCHIDS;1065;8;1064;3;1058;47;1072;8;1073;3;1079;47;1068.5;0.0
2;10300;AMETHYSTS;9995;21;;;;;10005;21;;;;;10000.0;0.0
2;10300;STARFRUIT;5019;21;;;;;5026;21;;;;;5022.5;0.0
2;10400;STARFRUIT;5018;21;;;;;5025;21;;;;;5021.5;0.0
2;10400;AMETHYSTS;9995;21;;;;;10005;21;;;;;10000.0;0.0
2;10400;ORCHIDS;1065;7;1064;4;1059;46;1072;7;1073;4;1079;46;1068.5;0.0
2;10500;STARFRUIT;5019;7;5018;29;;;5025;29;;;;;5022.0;0.0
2;10500;ORCHIDS;1063;5;1062;5;1056;54;1070;5;1071;5;1077;54;1066.5;0.0
2;10500;AMETHYSTS;9995;29;;;;;10002;1;10005;29;;;9998.5;0.0
2;10600;ORCHIDS;1064;8;1063;5;1057;53;1071;8;1072;5;1078;53;1067.5;0.0
2;10600;STARFRUIT;5021;4;5018;27;;;5023;6;5025;27;;;5022.0;0.0
2;10600;AMETHYSTS;10000;4;9996;1;9995;26;10002;4;10004;1;10005;26;10001.0;0.0
2;10700;ORCHIDS;1064;8;1063;4;1057;41;1071;8;1072;4;1078;41;1067.5;0.0
2;10700;AMETHYSTS;9996;1;9995;21;;;10004;1;10005;21;;;10000.0;0.0
2;10700;STARFRUIT;5019;1;5018;22;;;5024;1;5025;21;;;5021.5;0.0
2;10800;STARFRUIT;5023;1;5018;8;5017;25;5024;25;;;;;5023.5;0.0
2;10800;AMETHYSTS;9996;2;9995;23;;;10004;2;10005;23;;;10000.0;0.0
2;10800;ORCHIDS;1064;6;1063;4;1057;47;1071;6;1072;4;1078;47;1067.5;0.0
2;10900;STARFRUIT;5018;32;;;;;5024;2;5025;30;;;5021.0;0.0
2;10900;ORCHIDS;1064;10;1063;4;1058;52;1071;10;1072;4;1078;52;1067.5;0.0
2;10900;AMETHYSTS;9998;10;9996;2;9995;30;10004;2;10005;30;;;10001.0;0.0
2;11000;ORCHIDS;1066;8;1065;4;1060;42;1073;8;1074;4;1080;42;1069.5;0.0
2;11000;STARFRUIT;5017;25;;;;;5024;25;;;;;5020.5;0.0
2;11000;AMETHYSTS;9996;1;9995;24;;;10004;1;10005;24;;;10000.0;0.0
2;11100;ORCHIDS;1067;10;1066;4;1060;49;1074;10;1075;4;1081;49;1070.5;0.0
2;11100;AMETHYSTS;9996;2;9995;25;;;10004;2;10005;25;;;10000.0;0.0
2;11100;STARFRUIT;5017;27;;;;;5022;8;5024;27;;;5019.5;0.0
2;11200;STARFRUIT;5017;27;;;;;5024;27;;;;;5020.5;0.0
2;11200;AMETHYSTS;9996;1;9995;26;;;10004;1;10005;26;;;10000.0;0.0
2;11200;ORCHIDS;1068;10;1067;5;1062;56;1075;10;1076;5;1082;56;1071.5;0.0
2;11300;STARFRUIT;5017;29;;;;;5024;29;;;;;5020.5;0.0
2;11300;ORCHIDS;1068;10;1067;2;1062;52;1075;10;1076;2;1082;52;1071.5;0.0
2;11300;AMETHYSTS;9995;29;;;;;9998;1;10005;29;;;9996.5;0.0
2;11400;ORCHIDS;1067;5;1066;3;1060;39;1074;5;1075;3;1081;39;1070.5;0.0
2;11400;STARFRUIT;5018;6;5017;22;;;5024;22;;;;;5021.0;0.0
2;11400;AMETHYSTS;10002;1;9995;22;;;10005;22;;;;;10003.5;0.0
2;11500;ORCHIDS;1068;10;1067;4;1062;53;1075;10;1076;4;1082;53;1071.5;0.0
2;11500;AMETHYSTS;9995;27;;;;;10005;27;;;;;10000.0;0.0
2;11500;STARFRUIT;5018;6;5017;27;;;5024;27;;;;;5021.0;0.0
2;11600;STARFRUIT;5018;31;;;;;5024;1;5025;30;;;5021.0;0.0
2;11600;AMETHYSTS;9998;6;9996;1;9995;30;10004;1;10005;30;;;10001.0;0.0
2;11600;ORCHIDS;1065;6;1064;5;1059;53;1072;6;1073;5;1079;53;1068.5;0.0
2;11700;STARFRUIT;5017;23;;;;;5020;3;5024;23;;;5018.5;0.0
2;11700;ORCHIDS;1068;7;1067;3;1061;44;1075;7;1076;3;1082;44;1071.5;0.0
2;11700;AMETHYSTS;9996;1;9995;22;;;10000;2;10004;1;10005;22;9998.0;0.0
2;11800;ORCHIDS;1069;7;1068;2;1062;43;1076;7;1077;2;1083;43;1072.5;0.0
2;11800;STARFRUIT;5017;27;;;;;5023;2;5024;25;;;5020.0;0.0
2;11800;AMETHYSTS;9996;2;9995;25;;;10004;2;10005;25;;;10000.0;0.0
2;11900;ORCHIDS;1067;10;1066;2;1061;42;1074;10;1075;2;1081;42;1070.5;0.0
2;11900;AMETHYSTS;9996;1;9995;20;;;10004;1;10005;20;;;10000.0;0.0
2;11900;STARFRUIT;5022;8;5017;21;;;5024;21;;;;;5023.0;0.0
2;12000;STARFRUIT;5017;2;5016;22;;;5023;24;;;;;5020.0;0.0
2;12000;AMETHYSTS;9996;2;9995;22;;;9998;1;10004;2;10005;22;9997.0;0.0
2;12000;ORCHIDS;1068;5;1067;2;1061;38;1075;5;1076;2;1082;38;1071.5;0.0
2;12100;STARFRUIT;5016;24;;;;;5021;8;5023;24;;;5018.5;0.0
2;12100;ORCHIDS;1069;8;1068;3;1062;43;1073;5;1076;8;1077;3;1071.0;0.0
2;12100;AMETHYSTS;9995;24;;;;;9998;2;10005;24;;;9996.5;0.0
2;12200;ORCHIDS;1068;7;1067;2;1061;43;1075;7;1076;2;1082;43;1071.5;0.0
2;12200;STARFRUIT;5017;7;5016;25;;;5023;25;;;;;5020.0;0.0
2;12200;AMETHYSTS;9996;1;9995;24;;;10002;3;10004;1;10005;24;9999.0;0.0
2;12300;ORCHIDS;1070;5;1069;3;1063;36;1077;5;1078;3;1084;36;1073.5;0.0
2;12300;AMETHYSTS;9996;1;9995;20;;;10004;1;10005;20;;;10000.0;0.0
2;12300;STARFRUIT;5016;21;;;;;5017;3;5023;21;;;5016.5;0.0
2;12400;STARFRUIT;5016;28;;;;;5022;1;5023;28;;;5019.0;0.0
2;12400;AMETHYSTS;9996;1;9995;28;;;10004;1;10005;28;;;10000.0;0.0
2;12400;ORCHIDS;1070;10;1069;4;1063;58;1077;10;1078;4;1084;58;1073.5;0.0
2;12500;STARFRUIT;5016;2;5015;22;;;5022;24;;;;;5019.0;0.0
2;12500;AMETHYSTS;9996;2;9995;22;;;10004;2;10005;22;;;10000.0;0.0
2;12500;ORCHIDS;1070;5;1069;5;1063;45;1077;5;1078;5;1084;45;1073.5;0.0
2;12600;ORCHIDS;1069;5;1068;3;1063;43;1076;5;1077;3;1083;43;1072.5;0.0
2;12600;STARFRUIT;5016;4;5015;28;;;5022;2;5023;28;;;5019.0;0.0
2;12600;AMETHYSTS;9996;2;9995;28;;;10004;2;10005;28;;;10000.0;0.0
2;12700;AMETHYSTS;9996;1;9995;23;;;9998;3;10004;1;10005;23;9997.0;0.0
2;12700;ORCHIDS;1072;8;1071;4;1065;45;1076;7;1079;8;1080;4;1074.0;0.0
2;12700;STARFRUIT;5015;24;;;;;5022;24;;;;;5018.5;0.0
2;12800;STARFRUIT;5015;24;;;;;5020;1;5022;24;;;5017.5;0.0
2;12800;AMETHYSTS;9998;4;9996;1;9995;23;10004;1;10005;23;;;10001.0;0.0
2;12800;ORCHIDS;1072;9;1071;2;1065;51;1079;9;1080;2;1086;51;1075.5;0.0
2;12900;STARFRUIT;5021;1;5015;29;;;5022;29;;;;;5021.5;0.0
2;12900;AMETHYSTS;9995;29;;;;;10005;29;;;;;10000.0;0.0
2;12900;ORCHIDS;1073;8;1072;5;1067;57;1080;8;1081;5;1087;57;1076.5;0.0
2;13000;ORCHIDS;1073;7;1072;4;1067;50;1080;7;1081;4;1087;50;1076.5;0.0
2;13000;STARFRUIT;5015;26;;;;;5022;26;;;;;5018.5;0.0
2;13000;AMETHYSTS;9996;1;9995;25;;;9998;1;10004;1;10005;25;9997.0;0.0
2;13100;AMETHYSTS;10002;3;9996;1;9995;24;10004;1;10005;24;;;10003.0;0.0
2;13100;ORCHIDS;1071;5;1070;5;1065;43;1078;5;1079;5;1085;43;1074.5;0.0
2;13100;STARFRUIT;5014;25;;;;;5021;25;;;;;5017.5;0.0
2;13200;STARFRUIT;5014;21;;;;;5020;1;5021;20;;;5017.0;0.0
2;13200;AMETHYSTS;9996;1;9995;20;;;10004;1;10005;20;;;10000.0;0.0
2;13200;ORCHIDS;1069;6;1068;2;1063;43;1076;6;1077;2;1083;43;1072.5;0.0
2;13300;STARFRUIT;5014;30;;;;;5021;30;;;;;5017.5;0.0
2;13300;AMETHYSTS;9996;1;9995;29;;;10004;1;10005;29;;;10000.0;0.0
2;13300;ORCHIDS;1069;9;1068;2;1063;58;1076;9;1077;2;1083;58;1072.5;0.0
2;13400;ORCHIDS;1070;7;1069;5;1064;54;1077;7;1078;5;1084;54;1073.5;0.0
2;13400;STARFRUIT;5014;31;;;;;5021;31;;;;;5017.5;0.0
2;13400;AMETHYSTS;9996;2;9995;29;;;10004;2;10005;29;;;10000.0;0.0
2;13500;AMETHYSTS;9996;2;9995;21;;;10004;2;10005;21;;;10000.0;0.0
2;13500;ORCHIDS;1072;6;1071;2;1065;46;1079;6;1080;2;1086;46;1075.5;0.0
2;13500;STARFRUIT;5015;23;;;;;5020;1;5021;2;5022;21;5017.5;0.0
2;13600;STARFRUIT;5017;3;5014;30;;;5021;30;;;;;5019.0;0.0
2;13600;AMETHYSTS;10002;1;10000;3;9998;7;10005;30;;;;;10003.5;0.0
2;13600;ORCHIDS;1072;7;1071;3;1065;50;1078;7;1079;3;1086;50;1075.0;0.0
2;13700;STARFRUIT;5013;30;;;;;5018;2;5020;30;;;5015.5;0.0
2;13700;AMETHYSTS;9996;1;9995;29;;;10002;9;10004;1;10005;29;9999.0;0.0
2;13700;ORCHIDS;1073;8;1072;4;1066;57;1080;8;1081;4;1087;57;1076.5;0.0
2;13800;ORCHIDS;1072;6;1071;4;1065;47;1079;6;1080;4;1086;47;1075.5;0.0
2;13800;STARFRUIT;5013;26;;;;;5020;26;;;;;5016.5;0.0
2;13800;AMETHYSTS;9995;26;;;;;10002;1;10005;26;;;9998.5;0.0
2;13900;AMETHYSTS;9996;1;9995;20;;;10002;5;10004;1;10005;20;9999.0;0.0
2;13900;ORCHIDS;1073;6;1072;5;1067;46;1080;6;1081;5;1087;46;1076.5;0.0
2;13900;STARFRUIT;5014;20;;;;;5019;3;5020;1;5021;20;5016.5;0.0
2;14000;STARFRUIT;5014;29;;;;;5020;1;5021;28;;;5017.0;0.0
2;14000;AMETHYSTS;9996;1;9995;28;;;10004;1;10005;28;;;10000.0;0.0
2;14000;ORCHIDS;1075;7;1074;2;1069;50;1082;7;1083;2;1089;50;1078.5;0.0
2;14100;STARFRUIT;5019;4;5014;28;;;5021;28;;;;;5020.0;0.0
2;14100;AMETHYSTS;9996;1;9995;27;;;10004;1;10005;27;;;10000.0;0.0
2;14100;ORCHIDS;1075;10;1074;2;1069;50;1082;10;1083;2;1089;50;1078.5;0.0
2;14200;AMETHYSTS;9996;1;9995;26;;;10004;1;10005;26;;;10000.0;0.0
2;14200;ORCHIDS;1076;9;1075;4;1070;50;1083;9;1084;4;1090;50;1079.5;0.0
2;14200;STARFRUIT;5014;1;5013;26;;;5020;27;;;;;5017.0;0.0
2;14300;ORCHIDS;1074;6;1073;4;1068;48;1081;6;1082;4;1088;48;1077.5;0.0
2;14300;STARFRUIT;5013;32;;;;;5020;32;;;;;5016.5;0.0
2;14300;AMETHYSTS;9996;2;9995;30;;;10004;2;10005;30;;;10000.0;0.0
2;14400;STARFRUIT;5014;5;5013;27;;;5020;27;;;;;5017.0;0.0
2;14400;AMETHYSTS;10002;1;9996;1;9995;26;10004;1;10005;26;;;10003.0;0.0
2;14400;ORCHIDS;1072;5;1071;5;1066;49;1079;5;1080;5;1086;49;1075.5;0.0
2;14500;STARFRUIT;5013;21;;;;;5015;5;5020;21;;;5014.0;0.0
2;14500;AMETHYSTS;9996;1;9995;20;;;9998;9;10002;2;10004;1;9997.0;0.0
2;14500;ORCHIDS;1074;10;1073;5;1067;44;1081;10;1082;5;1088;44;1077.5;0.0
2;14600;ORCHIDS;1074;7;1073;2;1067;41;1080;7;1081;2;1088;41;1077.0;0.0
2;14600;AMETHYSTS;9996;1;9995;22;;;10002;4;10004;1;10005;22;9999.0;0.0
2;14600;STARFRUIT;5014;23;;;;;5019;5;5020;1;5021;22;5016.5;0.0
2;14700;ORCHIDS;1072;9;1071;4;1066;48;1079;9;1080;4;1086;48;1075.5;0.0
2;14700;STARFRUIT;5019;1;5016;2;5014;2;5020;26;;;;;5019.5;0.0
2;14700;AMETHYSTS;10000;2;9995;26;;;10005;26;;;;;10002.5;0.0
2;14800;STARFRUIT;5014;24;;;;;5020;1;5021;23;;;5017.0;0.0
2;14800;ORCHIDS;1073;6;1072;3;1066;44;1080;6;1081;3;1087;44;1076.5;0.0
2;14800;AMETHYSTS;9996;1;9995;23;;;10004;1;10005;23;;;10000.0;0.0
2;14900;STARFRUIT;5014;21;;;;;5019;7;5020;1;5021;20;5016.5;0.0
2;14900;AMETHYSTS;9996;1;9995;20;;;10004;1;10005;20;;;10000.0;0.0
2;14900;ORCHIDS;1075;8;1072;7;1071;5;1079;7;1080;5;1086;47;1077.0;0.0
2;15000;ORCHIDS;1073;9;1072;4;1067;51;1080;9;1081;4;1087;51;1076.5;0.0
2;15000;AMETHYSTS;9998;1;9995;25;;;10005;25;;;;;10001.5;0.0
2;15000;STARFRUIT;5019;1;5014;25;;;5021;25;;;;;5020.0;0.0
2;15100;ORCHIDS;1073;10;1072;2;1066;52;1080;10;1081;2;1087;52;1076.5;0.0
2;15100;STARFRUIT;5014;26;;;;;5021;26;;;;;5017.5;0.0
2;15100;AMETHYSTS;9998;10;9995;26;;;10005;26;;;;;10001.5;0.0
2;15200;STARFRUIT;5015;2;5014;25;;;5016;3;5021;25;;;5015.5;0.0
2;15200;ORCHIDS;1075;6;1074;3;1068;45;1082;6;1083;3;1089;45;1078.5;0.0
2;15200;AMETHYSTS;9995;25;;;;;10002;10;10005;25;;;9998.5;0.0
2;15300;STARFRUIT;5015;3;5014;24;;;5021;26;;;;;5018.0;0.0
2;15300;AMETHYSTS;9996;2;9995;24;;;10004;2;10005;24;;;10000.0;0.0
2;15300;ORCHIDS;1073;5;1072;4;1067;46;1080;5;1081;4;1087;46;1076.5;0.0
2;15400;ORCHIDS;1074;10;1073;3;1067;52;1080;10;1081;3;1088;52;1077.0;0.0
2;15400;AMETHYSTS;9996;1;9995;23;;;10004;1;10005;23;;;10000.0;0.0
2;15400;STARFRUIT;5015;24;;;;;5020;1;5021;1;5022;23;5017.5;0.0
2;15500;ORCHIDS;1079;4;1074;8;1073;4;1081;8;1082;4;1088;45;1080.0;0.0
2;15500;STARFRUIT;5016;2;5015;24;;;5021;2;5022;22;;;5018.5;0.0
2;15500;AMETHYSTS;10002;1;9998;1;9996;2;10004;2;10005;22;;;10003.0;0.0
2;15600;STARFRUIT;5015;25;;;;;5022;25;;;;;5018.5;0.0
2;15600;ORCHIDS;1074;6;1073;4;1067;47;1081;6;1082;4;1088;47;1077.5;0.0
2;15600;AMETHYSTS;9996;2;9995;23;;;10002;6;10004;2;10005;23;9999.0;0.0
2;15700;STARFRUIT;5015;21;;;;;5022;21;;;;;5018.5;0.0
2;15700;AMETHYSTS;9998;8;9996;1;9995;20;10004;1;10005;20;;;10001.0;0.0
2;15700;ORCHIDS;1073;5;1072;3;1066;35;1080;5;1081;3;1087;35;1076.5;0.0
2;15800;ORCHIDS;1071;8;1070;4;1065;49;1078;8;1079;4;1085;49;1074.5;0.0
2;15800;AMETHYSTS;9996;2;9995;23;;;10004;2;10005;23;;;10000.0;0.0
2;15800;STARFRUIT;5015;8;5014;23;;;5021;25;;;;;5018.0;0.0
2;15900;ORCHIDS;1069;5;1068;2;1063;47;1071;5;1076;5;1077;2;1070.0;0.0
2;15900;STARFRUIT;5016;8;5015;31;;;5021;1;5022;30;;;5018.5;0.0
2;15900;AMETHYSTS;9996;1;9995;30;;;10004;1;10005;30;;;10000.0;0.0
2;16000;STARFRUIT;5015;23;;;;;5020;1;5022;23;;;5017.5;0.0
2;16000;ORCHIDS;1067;6;1066;5;1061;45;1074;6;1075;5;1081;45;1070.5;0.0
2;16000;AMETHYSTS;9995;23;;;;;10005;23;;;;;10000.0;0.0
2;16100;STARFRUIT;5016;3;5015;27;;;5021;2;5022;25;;;5018.5;0.0
2;16100;AMETHYSTS;9996;2;9995;25;;;10004;2;10005;25;;;10000.0;0.0
2;16100;ORCHIDS;1068;8;1067;2;1061;44;1074;8;1075;2;1082;44;1071.0;0.0
2;16200;ORCHIDS;1067;6;1066;2;1061;37;1074;6;1075;2;1081;37;1070.5;0.0
2;16200;AMETHYSTS;9998;6;9996;2;9995;21;10004;2;10005;21;;;10001.0;0.0
2;16200;STARFRUIT;5015;23;;;;;5021;2;5022;21;;;5018.0;0.0
2;16300;STARFRUIT;5015;2;5014;22;;;5019;3;5021;24;;;5017.0;0.0
2;16300;ORCHIDS;1066;8;1065;2;1060;49;1073;8;1074;2;1080;49;1069.5;0.0
2;16300;AMETHYSTS;9996;2;9995;22;;;10004;2;10005;22;;;10000.0;0.0
2;16400;ORCHIDS;1065;7;1064;5;1059;52;1072;7;1073;5;1079;52;1068.5;0.0
2;16400;AMETHYSTS;9996;1;9995;26;;;10004;1;10005;26;;;10000.0;0.0
2;16400;STARFRUIT;5015;1;5014;26;;;5021;27;;;;;5018.0;0.0
2;16500;AMETHYSTS;9996;1;9995;22;;;10004;1;10005;22;;;10000.0;0.0
2;16500;STARFRUIT;5015;1;5014;22;;;5021;1;5022;22;;;5018.0;0.0
2;16500;ORCHIDS;1067;8;1064;10;1063;4;1071;10;1072;4;1077;47;1069.0;0.0
2;16600;ORCHIDS;1064;8;1063;2;1057;45;1066;3;1071;8;1072;2;1065.0;0.0
2;16600;AMETHYSTS;10002;3;9996;2;9995;27;10004;2;10005;27;;;10003.0;0.0
2;16600;STARFRUIT;5015;2;5014;27;;;5021;29;;;;;5018.0;0.0
2;16700;STARFRUIT;5015;32;;;;;5022;32;;;;;5018.5;0.0
2;16700;ORCHIDS;1062;5;1061;5;1055;48;1069;5;1070;5;1075;48;1065.5;0.0
2;16700;AMETHYSTS;9996;2;9995;30;;;10004;2;10005;30;;;10000.0;0.0
2;16800;AMETHYSTS;9996;2;9995;26;;;10002;9;10004;2;10005;26;9999.0;0.0
2;16800;ORCHIDS;1061;9;1060;4;1055;46;1068;9;1069;4;1075;46;1064.5;0.0
2;16800;STARFRUIT;5016;2;5015;26;;;5020;2;5022;28;;;5018.0;0.0
2;16900;AMETHYSTS;10002;1;9995;23;;;10005;23;;;;;10003.5;0.0
2;16900;STARFRUIT;5015;23;;;;;5023;23;;;;;5019.0;0.0
2;16900;ORCHIDS;1060;8;1059;4;1054;50;1067;8;1068;4;1074;50;1063.5;0.0
2;17000;AMETHYSTS;10002;5;9998;5;9996;1;10004;1;10005;27;;;10003.0;0.0
2;17000;ORCHIDS;1060;6;1059;4;1053;46;1067;6;1068;4;1073;46;1063.5;0.0
2;17000;STARFRUIT;5015;28;;;;;5022;28;;;;;5018.5;0.0
2;17100;STARFRUIT;5017;8;5016;27;;;5023;27;;;;;5020.0;0.0
2;17100;ORCHIDS;1059;6;1057;4;1051;50;1066;6;1067;4;1073;50;1062.5;0.0
2;17100;AMETHYSTS;9996;2;9995;25;;;10004;2;10005;25;;;10000.0;0.0
2;17200;AMETHYSTS;10002;1;9996;2;9995;24;10004;2;10005;24;;;10003.0;0.0
2;17200;ORCHIDS;1058;9;1057;3;1051;52;1065;9;1067;3;1073;52;1061.5;0.0
2;17200;STARFRUIT;5018;8;5017;26;;;5023;2;5024;24;;;5020.5;0.0
2;17300;AMETHYSTS;9998;7;9995;29;;;10005;29;;;;;10001.5;0.0
2;17300;STARFRUIT;5016;29;;;;;5021;2;5023;29;;;5018.5;0.0
2;17300;ORCHIDS;1058;6;1056;3;1050;48;1065;6;1066;3;1072;48;1061.5;0.0
2;17400;AMETHYSTS;9995;21;;;;;10002;10;10005;21;;;9998.5;0.0
2;17400;ORCHIDS;1058;9;1056;4;1050;41;1065;9;1066;4;1072;41;1061.5;0.0
2;17400;STARFRUIT;5016;21;;;;;5023;21;;;;;5019.5;0.0
2;17500;STARFRUIT;5016;28;;;;;5023;28;;;;;5019.5;0.0
2;17500;ORCHIDS;1054;9;1052;2;1046;51;1061;9;1062;2;1068;51;1057.5;0.0
2;17500;AMETHYSTS;9996;1;9995;27;;;10004;1;10005;27;;;10000.0;0.0
2;17600;AMETHYSTS;9996;1;9995;25;;;10002;3;10004;1;10005;25;9999.0;0.0
2;17600;ORCHIDS;1055;8;1053;5;1047;48;1062;8;1063;5;1069;48;1058.5;0.0
2;17600;STARFRUIT;5017;1;5016;25;;;5023;26;;;;;5020.0;0.0
2;17700;AMETHYSTS;9998;4;9996;2;9995;24;10004;2;10005;24;;;10001.0;0.0
2;17700;STARFRUIT;5016;26;;;;;5023;26;;;;;5019.5;0.0
2;17700;ORCHIDS;1056;10;1055;2;1049;48;1063;10;1065;2;1071;48;1059.5;0.0
2;17800;AMETHYSTS;9995;23;;;;;10002;6;10005;23;;;9998.5;0.0
2;17800;ORCHIDS;1058;10;1056;4;1050;46;1065;10;1066;4;1072;46;1061.5;0.0
2;17800;STARFRUIT;5016;23;;;;;5023;23;;;;;5019.5;0.0
2;17900;STARFRUIT;5021;1;5016;4;5015;22;5022;22;;;;;5021.5;0.0
2;17900;ORCHIDS;1057;7;1056;4;1050;47;1065;7;1066;4;1072;47;1061.0;0.0
2;17900;AMETHYSTS;9995;22;;;;;10005;22;;;;;10000.0;0.0
2;18000;AMETHYSTS;9998;10;9996;2;9995;23;10004;2;10005;23;;;10001.0;0.0
2;18000;ORCHIDS;1057;6;1056;3;1050;39;1064;6;1066;3;1072;39;1060.5;0.0
2;18000;STARFRUIT;5020;1;5016;2;5015;25;5022;25;;;;;5021.0;0.0
2;18100;AMETHYSTS;10000;6;9996;1;9995;30;10004;1;10005;30;;;10002.0;0.0
2;18100;STARFRUIT;5018;6;5015;31;;;5022;31;;;;;5020.0;0.0
2;18100;ORCHIDS;1056;5;1055;5;1049;55;1063;5;1065;5;1071;55;1059.5;0.0
2;18200;AMETHYSTS;9998;10;9995;28;;;10005;28;;;;;10001.5;0.0
2;18200;ORCHIDS;1056;6;1055;5;1049;49;1063;6;1065;5;1071;49;1059.5;0.0
2;18200;STARFRUIT;5015;28;;;;;5022;28;;;;;5018.5;0.0
2;18300;STARFRUIT;5015;30;;;;;5022;30;;;;;5018.5;0.0
2;18300;ORCHIDS;1056;7;1055;2;1049;55;1063;7;1065;2;1071;55;1059.5;0.0
2;18300;AMETHYSTS;9998;9;9996;2;9995;28;10004;2;10005;28;;;10001.0;0.0
2;18400;AMETHYSTS;9995;22;;;;;10005;22;;;;;10000.0;0.0
2;18400;ORCHIDS;1057;9;1056;3;1050;50;1064;9;1066;3;1072;50;1060.5;0.0
2;18400;STARFRUIT;5014;22;;;;;5021;22;;;;;5017.5;0.0
2;18500;AMETHYSTS;9996;1;9995;25;;;10004;1;10005;25;;;10000.0;0.0
2;18500;STARFRUIT;5015;6;5014;26;;;5021;26;;;;;5018.0;0.0
2;18500;ORCHIDS;1057;7;1055;5;1049;46;1064;7;1065;5;1071;46;1060.5;0.0
2;18600;ORCHIDS;1055;5;1054;4;1048;48;1062;5;1064;4;1070;48;1058.5;0.0
2;18600;STARFRUIT;5014;26;;;;;5019;4;5020;2;5021;25;5016.5;0.0
2;18600;AMETHYSTS;9996;2;9995;25;;;10004;2;10005;25;;;10000.0;0.0
2;18700;STARFRUIT;5019;1;5014;20;;;5021;20;;;;;5020.0;0.0
2;18700;ORCHIDS;1054;7;1053;3;1047;38;1061;7;1063;3;1069;38;1057.5;0.0
2;18700;AMETHYSTS;9998;7;9995;20;;;10005;20;;;;;10001.5;0.0
2;18800;ORCHIDS;1055;9;1053;4;1047;53;1062;9;1063;4;1069;53;1058.5;0.0
2;18800;STARFRUIT;5019;10;5014;31;;;5020;2;5021;29;;;5019.5;0.0
2;18800;AMETHYSTS;9996;2;9995;29;;;10004;2;10005;29;;;10000.0;0.0
2;18900;AMETHYSTS;9996;1;9995;30;;;10004;1;10005;30;;;10000.0;0.0
2;18900;STARFRUIT;5019;1;5014;31;;;5020;1;5021;30;;;5019.5;0.0
2;18900;ORCHIDS;1058;9;1056;3;1050;57;1065;9;1066;3;1072;57;1061.5;0.0
2;19000;STARFRUIT;5014;28;;;;;5019;4;5020;1;5021;27;5016.5;0.0
2;19000;AMETHYSTS;9996;1;9995;27;;;10004;1;10005;27;;;10000.0;0.0
2;19000;ORCHIDS;1057;9;1055;2;1049;54;1064;9;1065;2;1071;54;1060.5;0.0
2;19100;STARFRUIT;5014;1;5013;29;;;5015;2;5020;30;;;5014.5;0.0
2;19100;ORCHIDS;1056;8;1055;2;1049;54;1063;8;1065;2;1071;54;1059.5;0.0
2;19100;AMETHYSTS;9996;1;9995;29;;;10004;1;10005;29;;;10000.0;0.0
2;19200;ORCHIDS;1056;10;1055;4;1049;49;1063;10;1065;4;1071;49;1059.5;0.0
2;19200;STARFRUIT;5014;24;;;;;5019;5;5020;1;5021;23;5016.5;0.0
2;19200;AMETHYSTS;9996;1;9995;23;;;10002;5;10004;1;10005;23;9999.0;0.0
2;19300;ORCHIDS;1056;10;1055;2;1049;52;1063;10;1065;2;1071;52;1059.5;0.0
2;19300;AMETHYSTS;9998;4;9996;2;9995;22;10004;2;10005;22;;;10001.0;0.0
2;19300;STARFRUIT;5013;24;;;;;5020;24;;;;;5016.5;0.0
2;19400;STARFRUIT;5013;23;;;;;5018;6;5020;24;;;5015.5;0.0
2;19400;AMETHYSTS;9995;24;;;;;10005;24;;;;;10000.0;0.0
2;19400;ORCHIDS;1055;7;1054;2;1048;51;1062;7;1064;2;1070;51;1058.5;0.0
2;19500;STARFRUIT;5013;24;;;;;5020;24;;;;;5016.5;0.0
2;19500;ORCHIDS;1055;10;1054;2;1048;47;1062;10;1064;2;1070;47;1058.5;0.0
2;19500;AMETHYSTS;9998;8;9996;1;9995;23;10004;1;10005;23;;;10001.0;0.0
2;19600;ORCHIDS;1055;7;1053;4;1047;50;1062;7;1063;4;1069;50;1058.5;0.0
2;19600;STARFRUIT;5014;2;5013;26;;;5020;28;;;;;5017.0;0.0
2;19600;AMETHYSTS;9996;2;9995;26;;;10004;2;10005;26;;;10000.0;0.0
2;19700;ORCHIDS;1053;9;1052;2;1046;51;1060;9;1062;2;1068;51;1056.5;0.0
2;19700;AMETHYSTS;9996;2;9995;25;;;10004;2;10005;25;;;10000.0;0.0
2;19700;STARFRUIT;5014;26;;;;;5019;7;5020;2;5021;25;5016.5;0.0
2;19800;STARFRUIT;5013;29;;;;;5020;29;;;;;5016.5;0.0
2;19800;AMETHYSTS;9998;6;9995;29;;;10005;29;;;;;10001.5;0.0
2;19800;ORCHIDS;1055;5;1053;2;1047;50;1062;5;1063;2;1069;50;1058.5;0.0
2;19900;STARFRUIT;5014;2;5013;26;;;5020;28;;;;;5017.0;0.0
2;19900;ORCHIDS;1057;5;1056;4;1050;49;1064;5;1066;4;1072;49;1060.5;0.0
2;19900;AMETHYSTS;9996;2;9995;26;;;10004;2;10005;26;;;10000.0;0.0
2;20000;ORCHIDS;1058;6;1057;4;1051;43;1065;6;1067;4;1073;43;1061.5;0.0
2;20000;STARFRUIT;5014;23;;;;;5019;3;5021;23;;;5016.5;0.0
2;20000;AMETHYSTS;9996;2;9995;21;;;10004;2;10005;21;;;10000.0;0.0
2;20100;ORCHIDS;1058;9;1057;4;1051;50;1065;9;1067;4;1073;50;1061.5;0.0
2;20100;AMETHYSTS;9996;2;9995;30;;;10004;2;10005;30;;;10000.0;0.0
2;20100;STARFRUIT;5015;3;5014;32;;;5021;32;;;;;5018.0;0.0
2;20200;STARFRUIT;5013;26;;;;;5020;26;;;;;5016.5;0.0
2;20200;AMETHYSTS;9995;26;;;;;10005;26;;;;;10000.0;0.0
2;20200;ORCHIDS;1061;9;1058;6;1056;4;1065;6;1066;4;1072;42;1063.0;0.0
2;20300;STARFRUIT;5013;27;;;;;5014;1;5020;27;;;5013.5;0.0
2;20300;ORCHIDS;1056;5;1055;4;1049;49;1063;5;1065;4;1071;49;1059.5;0.0
2;20300;AMETHYSTS;9996;1;9995;26;;;9998;1;10004;1;10005;26;9997.0;0.0
2;20400;ORCHIDS;1055;9;1053;3;1047;55;1062;9;1063;3;1069;55;1058.5;0.0
2;20400;STARFRUIT;5013;27;;;;;5020;27;;;;;5016.5;0.0
2;20400;AMETHYSTS;9995;27;;;;;9998;4;10005;27;;;9996.5;0.0
2;20500;ORCHIDS;1054;8;1053;5;1047;56;1056;2;1062;8;1063;5;1055.0;0.0
2;20500;AMETHYSTS;9995;28;;;;;10005;28;;;;;10000.0;0.0
2;20500;STARFRUIT;5014;28;;;;;5021;28;;;;;5017.5;0.0
2;20600;STARFRUIT;5014;26;;;;;5021;26;;;;;5017.5;0.0
2;20600;AMETHYSTS;9996;1;9995;25;;;9998;1;10004;1;10005;25;9997.0;0.0
2;20600;ORCHIDS;1055;8;1053;3;1047;50;1062;8;1063;3;1069;50;1058.5;0.0
2;20700;STARFRUIT;5014;21;;;;;5019;4;5020;1;5021;20;5016.5;0.0
2;20700;ORCHIDS;1054;5;1052;3;1046;38;1061;5;1062;3;1068;38;1057.5;0.0
2;20700;AMETHYSTS;9996;1;9995;20;;;9998;1;10002;4;10004;1;9997.0;0.0
2;20800;ORCHIDS;1053;7;1052;5;1046;48;1060;7;1062;5;1068;48;1056.5;0.0
2;20800;STARFRUIT;5014;1;5013;23;;;5020;24;;;;;5017.0;0.0
2;20800;AMETHYSTS;9996;1;9995;23;;;10004;1;10005;23;;;10000.0;0.0
2;20900;ORCHIDS;1051;9;1050;2;1044;48;1058;9;1060;2;1066;48;1054.5;0.0
2;20900;AMETHYSTS;9996;1;9995;20;;;9998;1;10004;1;10005;20;9997.0;0.0
2;20900;STARFRUIT;5014;1;5013;20;;;5020;21;;;;;5017.0;0.0
2;21000;STARFRUIT;5014;2;5013;21;;;5020;23;;;;;5017.0;0.0
2;21000;AMETHYSTS;9996;2;9995;21;;;10004;2;10005;21;;;10000.0;0.0
2;21000;ORCHIDS;1053;9;1051;5;1045;43;1060;9;1061;5;1067;43;1056.5;0.0
2;21100;STARFRUIT;5015;5;5014;27;;;5020;1;5021;26;;;5017.5;0.0
2;21100;ORCHIDS;1051;5;1049;2;1043;51;1058;5;1059;2;1065;51;1054.5;0.0
2;21100;AMETHYSTS;10002;2;9996;1;9995;26;10004;1;10005;26;;;10003.0;0.0
2;21200;ORCHIDS;1052;10;1051;5;1045;53;1059;10;1061;5;1067;53;1055.5;0.0
2;21200;STARFRUIT;5013;26;;;;;5020;26;;;;;5016.5;0.0
2;21200;AMETHYSTS;9996;1;9995;25;;;10002;5;10004;1;10005;25;9999.0;0.0
2;21300;AMETHYSTS;9995;30;;;;;10005;30;;;;;10000.0;0.0
2;21300;ORCHIDS;1050;8;1048;2;1042;55;1057;8;1058;2;1064;55;1053.5;0.0
2;21300;STARFRUIT;5018;1;5013;30;;;5020;30;;;;;5019.0;0.0
2;21400;STARFRUIT;5013;26;;;;;5019;2;5020;24;;;5016.0;0.0
2;21400;AMETHYSTS;9996;2;9995;24;;;10002;4;10004;2;10005;24;9999.0;0.0
2;21400;ORCHIDS;1051;9;1049;2;1043;53;1058;9;1059;2;1065;53;1054.5;0.0
2;21500;STARFRUIT;5013;29;;;;;5020;29;;;;;5016.5;0.0
2;21500;AMETHYSTS;9995;29;;;;;9998;1;10005;29;;;9996.5;0.0
2;21500;ORCHIDS;1051;9;1050;2;1043;58;1058;9;1059;2;1066;58;1054.5;0.0
2;21600;ORCHIDS;1052;10;1051;4;1045;51;1059;10;1061;4;1067;51;1055.5;0.0
2;21600;STARFRUIT;5013;28;;;;;5020;28;;;;;5016.5;0.0
2;21600;AMETHYSTS;9996;1;9995;27;;;10004;1;10005;27;;;10000.0;0.0
2;21700;AMETHYSTS;9995;27;;;;;10005;27;;;;;10000.0;0.0
2;21700;ORCHIDS;1054;9;1053;3;1047;54;1061;9;1063;3;1069;54;1057.5;0.0
2;21700;STARFRUIT;5013;27;;;;;5018;2;5020;27;;;5015.5;0.0
2;21800;STARFRUIT;5018;10;5014;8;5013;25;5020;25;;;;;5019.0;0.0
2;21800;AMETHYSTS;9996;2;9995;23;;;10004;2;10005;23;;;10000.0;0.0
2;21800;ORCHIDS;1056;7;1055;5;1049;46;1063;7;1065;5;1071;46;1059.5;0.0
2;21900;STARFRUIT;5013;30;;;;;5020;30;;;;;5016.5;0.0
2;21900;AMETHYSTS;9996;1;9995;29;;;10004;1;10005;29;;;10000.0;0.0
2;21900;ORCHIDS;1055;6;1054;2;1048;52;1062;6;1064;2;1070;52;1058.5;0.0
2;22000;ORCHIDS;1055;6;1054;2;1048;46;1062;6;1064;2;1070;46;1058.5;0.0
2;22000;STARFRUIT;5013;29;;;;;5014;3;5019;2;5020;27;5013.5;0.0
2;22000;AMETHYSTS;9996;2;9995;27;;;10004;2;10005;27;;;10000.0;0.0
2;22100;AMETHYSTS;9996;1;9995;29;;;10004;1;10005;29;;;10000.0;0.0
2;22100;ORCHIDS;1055;10;1054;5;1048;53;1062;10;1064;5;1070;53;1058.5;0.0
2;22100;STARFRUIT;5013;30;;;;;5020;30;;;;;5016.5;0.0
2;22200;STARFRUIT;5013;29;;;;;5018;8;5020;29;;;5015.5;0.0
2;22200;AMETHYSTS;9996;1;9995;28;;;10004;1;10005;28;;;10000.0;0.0
2;22200;ORCHIDS;1056;5;1055;2;1049;44;1063;5;1065;2;1071;44;1059.5;0.0
2;22300;STARFRUIT;5013;28;;;;;5020;28;;;;;5016.5;0.0
2;22300;AMETHYSTS;9995;28;;;;;10005;28;;;;;10000.0;0.0
2;22300;ORCHIDS;1055;9;1053;5;1047;47;1062;9;1063;5;1069;47;1058.5;0.0
2;22400;ORCHIDS;1056;6;1054;3;1048;45;1063;6;1064;3;1070;45;1059.5;0.0
2;22400;STARFRUIT;5013;26;;;;;5020;26;;;;;5016.5;0.0
2;22400;AMETHYSTS;9995;26;;;;;10005;26;;;;;10000.0;0.0
2;22500;AMETHYSTS;9995;27;;;;;10005;27;;;;;10000.0;0.0
2;22500;ORCHIDS;1057;7;1056;4;1050;46;1064;7;1066;4;1072;46;1060.5;0.0
2;22500;STARFRUIT;5013;27;;;;;5020;27;;;;;5016.5;0.0
2;22600;STARFRUIT;5018;5;5013;28;;;5020;28;;;;;5019.0;0.0
2;22600;AMETHYSTS;9995;28;;;;;10005;28;;;;;10000.0;0.0
2;22600;ORCHIDS;1060;8;1059;5;1053;51;1067;8;1069;5;1075;51;1063.5;0.0
2;22700;STARFRUIT;5013;30;;;;;5020;30;;;;;5016.5;0.0
2;22700;AMETHYSTS;9995;30;;;;;10005;30;;;;;10000.0;0.0
2;22700;ORCHIDS;1060;10;1058;2;1052;55;1067;10;1068;2;1074;55;1063.5;0.0
2;22800;ORCHIDS;1061;7;1059;5;1053;49;1068;7;1069;5;1075;49;1064.5;0.0
2;22800;STARFRUIT;5014;2;5013;25;;;5020;27;;;;;5017.0;0.0
2;22800;AMETHYSTS;9996;2;9995;25;;;10004;2;10005;25;;;10000.0;0.0
2;22900;AMETHYSTS;9996;2;9995;26;;;10004;2;10005;26;;;10000.0;0.0
2;22900;ORCHIDS;1059;6;1057;3;1051;46;1066;6;1067;3;1073;46;1062.5;0.0
2;22900;STARFRUIT;5014;2;5013;26;;;5020;28;;;;;5017.0;0.0
2;23000;STARFRUIT;5014;2;5013;23;;;5019;1;5020;22;;;5016.5;0.0
2;23000;AMETHYSTS;9996;1;9995;22;;;10004;1;10005;22;;;10000.0;0.0
2;23000;ORCHIDS;1059;10;1057;2;1051;48;1066;10;1067;2;1073;48;1062.5;0.0
2;23100;STARFRUIT;5012;29;;;;;5017;4;5019;29;;;5014.5;0.0
2;23100;AMETHYSTS;9995;29;;;;;10005;29;;;;;10000.0;0.0
2;23100;ORCHIDS;1060;6;1058;4;1052;53;1067;6;1068;4;1074;53;1063.5;0.0
2;23200;AMETHYSTS;9996;2;9995;27;;;10004;2;10005;27;;;10000.0;0.0
2;23200;ORCHIDS;1059;6;1057;5;1051;53;1066;6;1067;5;1073;53;1062.5;0.0
2;23200;STARFRUIT;5013;2;5012;27;;;5017;8;5019;29;;;5015.0;0.0
2;23300;ORCHIDS;1058;8;1056;2;1050;48;1065;8;1066;2;1072;48;1061.5;0.0
2;23300;STARFRUIT;5013;2;5012;26;;;5019;28;;;;;5016.0;0.0
2;23300;AMETHYSTS;9996;2;9995;26;;;10004;2;10005;26;;;10000.0;0.0
2;23400;STARFRUIT;5014;3;5013;30;;;5019;2;5020;28;;;5016.5;0.0
2;23400;AMETHYSTS;9996;2;9995;28;;;10004;2;10005;28;;;10000.0;0.0
2;23400;ORCHIDS;1057;7;1055;4;1049;48;1064;7;1065;4;1071;48;1060.5;0.0
2;23500;STARFRUIT;5013;29;;;;;5019;1;5020;28;;;5016.0;0.0
2;23500;AMETHYSTS;9998;9;9996;1;9995;28;10004;1;10005;28;;;10001.0;0.0
2;23500;ORCHIDS;1058;9;1057;2;1051;51;1065;9;1067;2;1073;51;1061.5;0.0
2;23600;ORCHIDS;1060;8;1058;2;1052;48;1067;8;1068;2;1074;48;1063.5;0.0
2;23600;AMETHYSTS;9996;1;9995;21;;;10002;1;10004;1;10005;21;9999.0;0.0
2;23600;STARFRUIT;5013;22;;;;;5018;7;5020;22;;;5015.5;0.0
2;23700;ORCHIDS;1061;6;1059;5;1053;48;1068;6;1069;5;1075;48;1064.5;0.0
2;23700;STARFRUIT;5014;2;5013;30;;;5020;32;;;;;5017.0;0.0
2;23700;AMETHYSTS;9996;2;9995;30;;;10004;2;10005;30;;;10000.0;0.0
2;23800;STARFRUIT;5014;28;;;;;5021;28;;;;;5017.5;0.0
2;23800;ORCHIDS;1060;7;1059;2;1053;50;1068;7;1069;2;1075;50;1064.0;0.0
2;23800;AMETHYSTS;10002;1;9996;1;9995;27;10004;1;10005;27;;;10003.0;0.0
2;23900;STARFRUIT;5014;31;;;;;5021;31;;;;;5017.5;0.0
2;23900;AMETHYSTS;9996;2;9995;29;;;10004;2;10005;29;;;10000.0;0.0
2;23900;ORCHIDS;1062;6;1060;2;1054;50;1069;6;1070;2;1076;50;1065.5;0.0
2;24000;ORCHIDS;1061;10;1060;5;1054;47;1069;10;1070;5;1076;47;1065.0;0.0
2;24000;AMETHYSTS;10000;2;9996;1;9995;23;10004;1;10005;23;;;10002.0;0.0
2;24000;STARFRUIT;5017;2;5014;24;;;5019;4;5020;1;5021;23;5018.0;0.0
2;24100;ORCHIDS;1061;8;1060;5;1054;50;1068;8;1070;5;1076;50;1064.5;0.0
2;24100;STARFRUIT;5013;23;;;;;5020;23;;;;;5016.5;0.0
2;24100;AMETHYSTS;9995;23;;;;;10005;23;;;;;10000.0;0.0
2;24200;STARFRUIT;5014;4;5013;30;;;5020;32;;;;;5017.0;0.0
2;24200;ORCHIDS;1063;6;1061;4;1055;50;1070;6;1071;4;1077;50;1066.5;0.0
2;24200;AMETHYSTS;9998;9;9996;2;9995;30;10004;2;10005;30;;;10001.0;0.0
2;24300;STARFRUIT;5014;2;5013;30;;;5020;32;;;;;5017.0;0.0
2;24300;AMETHYSTS;9996;2;9995;30;;;10004;2;10005;30;;;10000.0;0.0
2;24300;ORCHIDS;1066;6;1063;8;1062;5;1070;8;1071;5;1078;49;1068.0;0.0
2;24400;ORCHIDS;1063;9;1062;3;1056;43;1070;9;1072;3;1078;43;1066.5;0.0
2;24400;AMETHYSTS;9998;6;9996;2;9995;20;10004;2;10005;20;;;10001.0;0.0
2;24400;STARFRUIT;5014;1;5013;20;;;5020;22;;;;;5017.0;0.0
2;24500;ORCHIDS;1063;10;1062;3;1056;54;1071;10;1072;3;1078;54;1067.0;0.0
2;24500;STARFRUIT;5013;24;;;;;5018;2;5020;24;;;5015.5;0.0
2;24500;AMETHYSTS;9995;24;;;;;10002;5;10005;24;;;9998.5;0.0
2;24600;STARFRUIT;5013;25;;;;;5020;25;;;;;5016.5;0.0
2;24600;ORCHIDS;1064;5;1062;2;1056;44;1068;5;1071;5;1072;2;1066.0;0.0
2;24600;AMETHYSTS;9996;2;9995;23;;;10002;4;10004;2;10005;23;9999.0;0.0
2;24700;STARFRUIT;5013;22;;;;;5020;22;;;;;5016.5;0.0
2;24700;AMETHYSTS;9998;10;9995;22;;;10005;22;;;;;10001.5;0.0
2;24700;ORCHIDS;1063;10;1062;3;1056;47;1070;10;1072;3;1078;47;1066.5;0.0
2;24800;ORCHIDS;1062;7;1060;3;1054;42;1069;7;1070;3;1076;42;1065.5;0.0
2;24800;AMETHYSTS;9996;1;9995;20;;;10004;1;10005;20;;;10000.0;0.0
2;24800;STARFRUIT;5014;21;;;;;5021;21;;;;;5017.5;0.0
2;24900;ORCHIDS;1064;5;1061;8;1060;2;1068;8;1070;2;1076;55;1066.0;0.0
2;24900;STARFRUIT;5014;6;5013;30;;;5020;30;;;;;5017.0;0.0
2;24900;AMETHYSTS;9996;2;9995;28;;;10004;2;10005;28;;;10000.0;0.0
2;25000;STARFRUIT;5013;27;;;;;5018;2;5020;27;;;5015.5;0.0
2;25000;ORCHIDS;1060;8;1059;3;1053;47;1067;8;1069;3;1075;47;1063.5;0.0
2;25000;AMETHYSTS;9998;2;9996;2;9995;25;10004;2;10005;25;;;10001.0;0.0
2;25100;STARFRUIT;5013;31;;;;;5019;1;5020;30;;;5016.0;0.0
2;25100;AMETHYSTS;9996;1;9995;30;;;10004;1;10005;30;;;10000.0;0.0
2;25100;ORCHIDS;1059;8;1058;3;1052;48;1066;8;1068;3;1074;48;1062.5;0.0
2;25200;ORCHIDS;1060;5;1059;4;1053;47;1067;5;1069;4;1075;47;1063.5;0.0
2;25200;AMETHYSTS;9996;2;9995;24;;;10002;5;10004;2;10005;24;9999.0;0.0
2;25200;STARFRUIT;5013;26;;;;;5020;26;;;;;5016.5;0.0
2;25300;STARFRUIT;5013;28;;;;;5018;5;5020;28;;;5015.5;0.0
2;25300;ORCHIDS;1060;5;1059;5;1053;49;1067;5;1069;5;1075;49;1063.5;0.0
2;25300;AMETHYSTS;9995;28;;;;;9998;1;10005;28;;;9996.5;0.0
2;25400;ORCHIDS;1060;7;1059;4;1053;55;1067;7;1069;4;1075;55;1063.5;0.0
2;25400;AMETHYSTS;9996;2;9995;28;;;10004;2;10005;28;;;10000.0;0.0
2;25400;STARFRUIT;5014;9;5013;28;;;5020;30;;;;;5017.0;0.0
2;25500;AMETHYSTS;9998;1;9996;1;9995;22;10004;1;10005;22;;;10001.0;0.0
2;25500;STARFRUIT;5015;5;5014;1;5013;22;5020;1;5021;22;;;5017.5;0.0
2;25500;ORCHIDS;1060;6;1059;2;1053;44;1068;6;1069;2;1075;44;1064.0;0.0
2;25600;ORCHIDS;1060;6;1059;2;1053;40;1068;6;1069;2;1075;40;1064.0;0.0
2;25600;AMETHYSTS;9996;1;9995;24;;;10002;1;10004;1;10005;24;9999.0;0.0
2;25600;STARFRUIT;5014;25;;;;;5020;1;5021;24;;;5017.0;0.0
2;25700;STARFRUIT;5014;22;;;;;5021;22;;;;;5017.5;0.0
2;25700;ORCHIDS;1060;9;1058;5;1052;49;1067;9;1068;5;1074;49;1063.5;0.0
2;25700;AMETHYSTS;9996;1;9995;21;;;10004;1;10005;21;;;10000.0;0.0
2;25800;AMETHYSTS;9998;1;9995;20;;;10005;20;;;;;10001.5;0.0
2;25800;ORCHIDS;1060;6;1058;2;1052;38;1067;6;1068;2;1074;38;1063.5;0.0
2;25800;STARFRUIT;5014;20;;;;;5021;20;;;;;5017.5;0.0
2;25900;AMETHYSTS;10002;2;9995;30;;;10005;30;;;;;10003.5;0.0
2;25900;STARFRUIT;5014;30;;;;;5021;30;;;;;5017.5;0.0
2;25900;ORCHIDS;1059;7;1057;4;1051;51;1066;7;1067;4;1073;51;1062.5;0.0
2;26000;AMETHYSTS;9996;1;9995;21;;;9998;1;10004;1;10005;21;9997.0;0.0
2;26000;ORCHIDS;1056;6;1055;3;1049;43;1063;6;1065;3;1071;43;1059.5;0.0
2;26000;STARFRUIT;5014;22;;;;;5019;6;5021;22;;;5016.5;0.0
2;26100;STARFRUIT;5014;28;;;;;5020;5;5021;1;5022;28;5017.0;0.0
2;26100;ORCHIDS;1057;8;1055;5;1049;54;1064;8;1065;5;1071;54;1060.5;0.0
2;26100;AMETHYSTS;9996;1;9995;28;;;10004;1;10005;28;;;10000.0;0.0
2;26200;AMETHYSTS;9998;2;9996;2;9995;30;10004;2;10005;30;;;10001.0;0.0
2;26200;ORCHIDS;1057;7;1056;5;1049;52;1064;7;1065;5;1072;52;1060.5;0.0
2;26200;STARFRUIT;5020;9;5015;32;;;5021;2;5022;30;;;5020.5;0.0
2;26300;AMETHYSTS;9996;1;9995;22;;;10002;8;10004;1;10005;22;9999.0;0.0
2;26300;STARFRUIT;5015;23;;;;;5022;23;;;;;5018.5;0.0
2;26300;ORCHIDS;1057;5;1056;4;1049;37;1064;5;1065;4;1072;37;1060.5;0.0
2;26400;AMETHYSTS;9996;1;9995;23;;;10004;1;10005;23;;;10000.0;0.0
2;26400;ORCHIDS;1056;7;1054;4;1048;47;1063;7;1064;4;1070;47;1059.5;0.0
2;26400;STARFRUIT;5015;24;;;;;5022;24;;;;;5018.5;0.0
2;26500;STARFRUIT;5015;29;;;;;5020;7;5022;29;;;5017.5;0.0
2;26500;ORCHIDS;1056;10;1055;4;1049;57;1063;10;1065;4;1071;57;1059.5;0.0
2;26500;AMETHYSTS;9996;2;9995;27;;;10002;3;10004;2;10005;27;9999.0;0.0
2;26600;AMETHYSTS;9996;1;9995;27;;;10004;1;10005;27;;;10000.0;0.0
2;26600;ORCHIDS;1056;10;1055;2;1049;53;1064;10;1065;2;1071;53;1060.0;0.0
2;26600;STARFRUIT;5016;2;5015;28;;;5022;28;;;;;5019.0;0.0
2;26700;AMETHYSTS;9995;24;;;;;10005;24;;;;;10000.0;0.0
2;26700;STARFRUIT;5015;24;;;;;5016;4;5022;24;;;5015.5;0.0
2;26700;ORCHIDS;1057;9;1055;5;1049;47;1064;9;1065;5;1071;47;1060.5;0.0
2;26800;AMETHYSTS;9996;2;9995;24;;;10004;2;10005;24;;;10000.0;0.0
2;26800;ORCHIDS;1056;5;1054;4;1048;48;1063;5;1064;4;1070;48;1059.5;0.0
2;26800;STARFRUIT;5021;1;5015;26;;;5022;26;;;;;5021.5;0.0
2;26900;STARFRUIT;5015;30;;;;;5020;1;5022;30;;;5017.5;0.0
2;26900;ORCHIDS;1059;8;1057;2;1051;50;1066;8;1067;2;1073;50;1062.5;0.0
2;26900;AMETHYSTS;9995;30;;;;;9998;1;10005;30;;;9996.5;0.0
2;27000;AMETHYSTS;9996;1;9995;26;;;10004;1;10005;26;;;10000.0;0.0
2;27000;ORCHIDS;1060;10;1058;4;1052;47;1067;10;1068;4;1074;47;1063.5;0.0
2;27000;STARFRUIT;5015;27;;;;;5020;6;5022;27;;;5017.5;0.0
2;27100;AMETHYSTS;9996;1;9995;21;;;10004;1;10005;21;;;10000.0;0.0
2;27100;STARFRUIT;5015;1;5014;21;;;5020;5;5021;1;5022;21;5017.5;0.0
2;27100;ORCHIDS;1060;9;1059;3;1052;49;1067;9;1068;3;1075;49;1063.5;0.0
2;27200;AMETHYSTS;9996;2;9995;22;;;10002;5;10004;2;10005;22;9999.0;0.0
2;27200;ORCHIDS;1059;10;1058;5;1052;46;1066;10;1068;5;1074;46;1062.5;0.0
2;27200;STARFRUIT;5016;3;5015;24;;;5022;24;;;;;5019.0;0.0
2;27300;STARFRUIT;5019;3;5014;26;;;5021;26;;;;;5020.0;0.0
2;27300;ORCHIDS;1057;10;1056;3;1050;53;1064;10;1066;3;1072;53;1060.5;0.0
2;27300;AMETHYSTS;9995;26;;;;;10005;26;;;;;10000.0;0.0
2;27400;AMETHYSTS;9995;27;;;;;10005;27;;;;;10000.0;0.0
2;27400;ORCHIDS;1058;7;1056;5;1050;45;1065;7;1066;5;1072;45;1061.5;0.0
2;27400;STARFRUIT;5014;27;;;;;5021;27;;;;;5017.5;0.0
2;27500;AMETHYSTS;9995;26;;;;;10005;26;;;;;10000.0;0.0
2;27500;STARFRUIT;5014;26;;;;;5019;7;5021;26;;;5016.5;0.0
2;27500;ORCHIDS;1059;10;1057;2;1051;46;1066;10;1067;2;1073;46;1062.5;0.0
2;27600;ORCHIDS;1059;7;1058;2;1051;47;1066;7;1067;2;1074;47;1062.5;0.0
2;27600;STARFRUIT;5015;25;;;;;5022;25;;;;;5018.5;0.0
2;27600;AMETHYSTS;9995;25;;;;;10005;25;;;;;10000.0;0.0
2;27700;STARFRUIT;5016;2;5015;22;;;5022;24;;;;;5019.0;0.0
2;27700;ORCHIDS;1059;5;1057;3;1051;47;1066;5;1067;3;1073;47;1062.5;0.0
2;27700;AMETHYSTS;9996;2;9995;22;;;10004;2;10005;22;;;10000.0;0.0
2;27800;ORCHIDS;1058;10;1056;3;1050;51;1065;10;1066;3;1072;51;1061.5;0.0
2;27800;STARFRUIT;5016;22;;;;;5023;22;;;;;5019.5;0.0
2;27800;AMETHYSTS;10002;1;9995;22;;;10005;22;;;;;10003.5;0.0
2;27900;ORCHIDS;1059;10;1057;4;1051;50;1066;10;1067;4;1073;50;1062.5;0.0
2;27900;AMETHYSTS;9995;22;;;;;10005;22;;;;;10000.0;0.0
2;27900;STARFRUIT;5016;22;;;;;5023;22;;;;;5019.5;0.0
2;28000;STARFRUIT;5017;2;5016;26;;;5019;4;5021;5;5023;28;5018.0;0.0
2;28000;AMETHYSTS;9998;8;9996;2;9995;26;10000;4;10004;2;10005;26;9999.0;0.0
2;28000;ORCHIDS;1060;10;1058;5;1052;54;1067;10;1068;5;1074;54;1063.5;0.0
2;28100;STARFRUIT;5016;23;;;;;5023;23;;;;;5019.5;0.0
2;28100;ORCHIDS;1060;8;1059;5;1053;42;1067;8;1069;5;1075;42;1063.5;0.0
2;28100;AMETHYSTS;9996;1;9995;22;;;10004;1;10005;22;;;10000.0;0.0
2;28200;ORCHIDS;1060;5;1058;2;1052;45;1067;5;1068;2;1074;45;1063.5;0.0
2;28200;STARFRUIT;5022;1;5016;24;;;5023;24;;;;;5022.5;0.0
2;28200;AMETHYSTS;9996;1;9995;23;;;9998;1;10004;1;10005;23;9997.0;0.0
2;28300;ORCHIDS;1058;6;1056;2;1050;42;1065;6;1066;2;1072;42;1061.5;0.0
2;28300;AMETHYSTS;9998;3;9995;21;;;10005;21;;;;;10001.5;0.0
2;28300;STARFRUIT;5016;21;;;;;5021;1;5023;21;;;5018.5;0.0
2;28400;STARFRUIT;5017;22;;;;;5022;6;5024;22;;;5019.5;0.0
2;28400;AMETHYSTS;10002;4;9996;1;9995;21;10004;1;10005;21;;;10003.0;0.0
2;28400;ORCHIDS;1057;5;1055;5;1049;40;1064;5;1065;5;1071;40;1060.5;0.0
2;28500;STARFRUIT;5017;1;5016;26;;;5023;27;;;;;5020.0;0.0
2;28500;ORCHIDS;1057;7;1056;2;1050;46;1064;7;1066;2;1072;46;1060.5;0.0
2;28500;AMETHYSTS;10002;7;9996;1;9995;26;10004;1;10005;26;;;10003.0;0.0
2;28600;ORCHIDS;1057;10;1056;3;1050;52;1064;10;1066;3;1072;52;1060.5;0.0
2;28600;STARFRUIT;5016;28;;;;;5017;6;5023;28;;;5016.5;0.0
2;28600;AMETHYSTS;9995;28;;;;;10002;7;10005;28;;;9998.5;0.0
2;28700;ORCHIDS;1056;8;1054;2;1048;49;1063;8;1064;2;1071;49;1059.5;0.0
2;28700;AMETHYSTS;9996;1;9995;27;;;10004;1;10005;27;;;10000.0;0.0
2;28700;STARFRUIT;5016;28;;;;;5023;28;;;;;5019.5;0.0
2;28800;STARFRUIT;5016;30;;;;;5023;30;;;;;5019.5;0.0
2;28800;AMETHYSTS;9995;30;;;;;10005;30;;;;;10000.0;0.0
2;28800;ORCHIDS;1055;10;1053;5;1047;58;1062;10;1063;5;1070;58;1058.5;0.0
2;28900;STARFRUIT;5016;24;;;;;5023;24;;;;;5019.5;0.0
2;28900;ORCHIDS;1054;10;1053;5;1047;45;1061;10;1063;5;1069;45;1057.5;0.0
2;28900;AMETHYSTS;9996;1;9995;23;;;10004;1;10005;23;;;10000.0;0.0
2;29000;ORCHIDS;1056;8;1055;2;1049;47;1063;8;1065;2;1071;47;1059.5;0.0
2;29000;STARFRUIT;5016;25;;;;;5023;25;;;;;5019.5;0.0
2;29000;AMETHYSTS;9995;25;;;;;10005;25;;;;;10000.0;0.0
2;29100;ORCHIDS;1061;3;1056;8;1055;2;1063;8;1064;2;1071;49;1062.0;0.0
2;29100;AMETHYSTS;10002;1;9995;30;;;10005;30;;;;;10003.5;0.0
2;29100;STARFRUIT;5022;1;5017;5;5016;30;5023;30;;;;;5022.5;0.0
2;29200;STARFRUIT;5016;20;;;;;5021;4;5024;20;;;5018.5;0.0
2;29200;AMETHYSTS;9995;20;;;;;10002;1;10005;20;;;9998.5;0.0
2;29200;ORCHIDS;1056;8;1054;5;1048;45;1063;8;1064;5;1071;45;1059.5;0.0
2;29300;STARFRUIT;5017;23;;;;;5024;23;;;;;5020.5;0.0
2;29300;ORCHIDS;1055;10;1054;2;1048;43;1063;10;1064;2;1071;43;1059.0;0.0
2;29300;AMETHYSTS;9998;3;9996;2;9995;21;10004;2;10005;21;;;10001.0;0.0
2;29400;ORCHIDS;1054;8;1053;4;1047;44;1061;8;1063;4;1069;44;1057.5;0.0
2;29400;STARFRUIT;5022;1;5017;25;;;5024;25;;;;;5023.0;0.0
2;29400;AMETHYSTS;9996;1;9995;24;;;10002;8;10004;1;10005;24;9999.0;0.0
2;29500;ORCHIDS;1055;6;1054;4;1048;40;1062;6;1064;4;1070;40;1058.5;0.0
2;29500;AMETHYSTS;9995;23;;;;;10005;23;;;;;10000.0;0.0
2;29500;STARFRUIT;5017;23;;;;;5024;23;;;;;5020.5;0.0
2;29600;STARFRUIT;5017;27;;;;;5024;27;;;;;5020.5;0.0
2;29600;AMETHYSTS;9995;27;;;;;10005;27;;;;;10000.0;0.0
2;29600;ORCHIDS;1055;9;1054;2;1048;52;1062;9;1064;2;1070;52;1058.5;0.0
2;29700;STARFRUIT;5023;1;5017;31;;;5024;31;;;;;5023.5;0.0
2;29700;ORCHIDS;1053;10;1051;3;1045;52;1060;10;1061;3;1068;52;1056.5;0.0
2;29700;AMETHYSTS;9998;1;9996;2;9995;29;10004;2;10005;29;;;10001.0;0.0
2;29800;ORCHIDS;1053;9;1052;4;1045;43;1060;9;1061;4;1068;43;1056.5;0.0
2;29800;STARFRUIT;5018;6;5017;23;;;5024;24;;;;;5021.0;0.0
2;29800;AMETHYSTS;9996;1;9995;23;;;10004;1;10005;23;;;10000.0;0.0
2;29900;ORCHIDS;1054;8;1053;5;1047;51;1061;8;1063;5;1069;51;1057.5;0.0
2;29900;AMETHYSTS;10000;2;9998;8;9995;25;10005;25;;;;;10002.5;0.0
2;29900;STARFRUIT;5020;1;5018;3;5017;25;5024;25;;;;;5022.0;0.0
2;30000;STARFRUIT;5020;2;5017;26;;;5022;2;5024;26;;;5021.0;0.0
2;30000;AMETHYSTS;10000;2;9995;26;;;10005;26;;;;;10002.5;0.0
2;30000;ORCHIDS;1055;7;1053;2;1047;45;1062;7;1063;2;1070;45;1058.5;0.0
2;30100;STARFRUIT;5017;28;;;;;5018;3;5024;28;;;5017.5;0.0
2;30100;ORCHIDS;1057;7;1056;2;1050;51;1064;7;1066;2;1072;51;1060.5;0.0
2;30100;AMETHYSTS;9995;28;;;;;10002;10;10005;28;;;9998.5;0.0
2;30200;ORCHIDS;1055;9;1054;3;1048;50;1062;9;1064;3;1070;50;1058.5;0.0
2;30200;STARFRUIT;5017;26;;;;;5024;26;;;;;5020.5;0.0
2;30200;AMETHYSTS;9998;3;9996;2;9995;24;10004;2;10005;24;;;10001.0;0.0
2;30300;AMETHYSTS;10002;1;9998;10;9995;23;10005;23;;;;;10003.5;0.0
2;30300;ORCHIDS;1056;6;1055;3;1049;39;1063;6;1065;3;1071;39;1059.5;0.0
2;30300;STARFRUIT;5017;23;;;;;5022;5;5024;23;;;5019.5;0.0
2;30400;STARFRUIT;5017;26;;;;;5024;26;;;;;5020.5;0.0
2;30400;AMETHYSTS;9996;2;9995;24;;;10004;2;10005;24;;;10000.0;0.0
2;30400;ORCHIDS;1058;8;1056;2;1050;44;1065;8;1066;2;1073;44;1061.5;0.0
2;30500;STARFRUIT;5018;1;5017;20;;;5024;21;;;;;5021.0;0.0
2;30500;AMETHYSTS;9996;1;9995;20;;;10004;1;10005;20;;;10000.0;0.0
2;30500;ORCHIDS;1057;6;1055;3;1049;40;1064;6;1065;3;1072;40;1060.5;0.0
2;30600;ORCHIDS;1057;7;1056;2;1050;51;1064;7;1066;2;1072;51;1060.5;0.0
2;30600;STARFRUIT;5021;3;5018;26;;;5025;26;;;;;5023.0;0.0
2;30600;AMETHYSTS;10000;3;9998;8;9996;1;10004;1;10005;25;;;10002.0;0.0
2;30700;AMETHYSTS;9995;24;;;;;10005;24;;;;;10000.0;0.0
2;30700;ORCHIDS;1054;6;1052;2;1046;42;1061;6;1062;2;1069;42;1057.5;0.0
2;30700;STARFRUIT;5018;24;;;;;5025;24;;;;;5021.5;0.0
2;30800;STARFRUIT;5018;31;;;;;5025;31;;;;;5021.5;0.0
2;30800;AMETHYSTS;10002;11;9996;2;9995;29;10004;2;10005;29;;;10003.0;0.0
2;30800;ORCHIDS;1052;5;1050;2;1044;49;1059;5;1060;2;1067;49;1055.5;0.0
2;30900;STARFRUIT;5023;1;5019;3;5018;25;5024;1;5025;24;;;5023.5;0.0
2;30900;AMETHYSTS;10002;1;9998;9;9996;1;10004;1;10005;24;;;10003.0;0.0
2;30900;ORCHIDS;1052;7;1050;3;1044;41;1059;7;1060;3;1067;41;1055.5;0.0
2;31000;ORCHIDS;1050;10;1049;2;1043;51;1057;10;1059;2;1065;51;1053.5;0.0
2;31000;STARFRUIT;5024;1;5018;31;;;5025;31;;;;;5024.5;0.0
2;31000;AMETHYSTS;9996;1;9995;30;;;10004;1;10005;30;;;10000.0;0.0
2;31100;AMETHYSTS;9996;2;9995;26;;;10002;7;10004;2;10005;26;9999.0;0.0
2;31100;ORCHIDS;1049;6;1048;5;1042;48;1056;6;1058;5;1064;48;1052.5;0.0
2;31100;STARFRUIT;5019;2;5018;26;;;5025;2;5026;26;;;5022.0;0.0
2;31200;STARFRUIT;5018;26;;;;;5026;26;;;;;5022.0;0.0
2;31200;AMETHYSTS;9995;26;;;;;10002;4;10005;26;;;9998.5;0.0
2;31200;ORCHIDS;1050;9;1049;4;1043;46;1054;7;1057;9;1059;4;1052.0;0.0
2;31300;STARFRUIT;5024;1;5019;26;;;5026;26;;;;;5025.0;0.0
2;31300;AMETHYSTS;9995;26;;;;;10005;26;;;;;10000.0;0.0
2;31300;ORCHIDS;1050;8;1049;2;1042;47;1057;8;1058;2;1065;47;1053.5;0.0
2;31400;ORCHIDS;1049;6;1048;5;1042;45;1056;6;1058;5;1064;45;1052.5;0.0
2;31400;STARFRUIT;5019;24;;;;;5025;1;5026;23;;;5022.0;0.0
2;31400;AMETHYSTS;9996;1;9995;23;;;10002;6;10004;1;10005;23;9999.0;0.0
2;31500;AMETHYSTS;9996;1;9995;26;;;10004;1;10005;26;;;10000.0;0.0
2;31500;ORCHIDS;1049;6;1048;2;1042;44;1056;6;1058;2;1064;44;1052.5;0.0
2;31500;STARFRUIT;5019;27;;;;;5026;27;;;;;5022.5;0.0
2;31600;STARFRUIT;5020;4;5019;20;;;5026;20;;;;;5023.0;0.0
2;31600;AMETHYSTS;9995;20;;;;;10005;20;;;;;10000.0;0.0
2;31600;ORCHIDS;1049;6;1048;4;1042;36;1056;6;1058;4;1064;36;1052.5;0.0
2;31700;STARFRUIT;5020;20;;;;;5025;2;5027;20;;;5022.5;0.0
2;31700;AMETHYSTS;9995;20;;;;;10005;20;;;;;10000.0;0.0
2;31700;ORCHIDS;1048;10;1047;2;1041;47;1055;10;1057;2;1063;47;1051.5;0.0
2;31800;ORCHIDS;1046;7;1045;4;1039;52;1053;7;1055;4;1061;52;1049.5;0.0
2;31800;STARFRUIT;5021;1;5020;29;;;5027;30;;;;;5024.0;0.0
2;31800;AMETHYSTS;9996;1;9995;29;;;10004;1;10005;29;;;10000.0;0.0
2;31900;ORCHIDS;1047;9;1045;3;1039;56;1054;9;1055;3;1062;56;1050.5;0.0
2;31900;STARFRUIT;5022;6;5021;27;;;5028;27;;;;;5025.0;0.0
2;31900;AMETHYSTS;9995;27;;;;;10005;27;;;;;10000.0;0.0
2;32000;STARFRUIT;5021;29;;;;;5022;4;5027;2;5028;27;5021.5;0.0
2;32000;AMETHYSTS;9996;2;9995;27;;;10004;2;10005;27;;;10000.0;0.0
2;32000;ORCHIDS;1047;8;1045;4;1039;53;1054;8;1055;4;1062;53;1050.5;0.0
2;32100;STARFRUIT;5021;20;;;;;5028;20;;;;;5024.5;0.0
2;32100;AMETHYSTS;9995;20;;;;;10005;20;;;;;10000.0;0.0
2;32100;ORCHIDS;1046;8;1045;4;1039;43;1054;8;1055;4;1062;43;1050.0;0.0
2;32200;AMETHYSTS;9996;2;9995;20;;;10000;4;10002;7;10004;2;9998.0;0.0
2;32200;ORCHIDS;1047;8;1045;5;1039;45;1054;8;1055;5;1062;45;1050.5;0.0
2;32200;STARFRUIT;5022;22;;;;;5025;4;5027;2;5029;22;5023.5;0.0
2;32300;ORCHIDS;1047;5;1045;4;1039;51;1054;5;1055;4;1062;51;1050.5;0.0
2;32300;STARFRUIT;5022;2;5021;27;;;5026;5;5028;29;;;5024.0;0.0
2;32300;AMETHYSTS;10002;1;9998;3;9996;2;10004;2;10005;27;;;10003.0;0.0
2;32400;STARFRUIT;5021;29;;;;;5026;2;5028;29;;;5023.5;0.0
2;32400;ORCHIDS;1046;5;1045;5;1039;50;1053;5;1055;5;1061;50;1049.5;0.0
2;32400;AMETHYSTS;9996;1;9995;28;;;10004;1;10005;28;;;10000.0;0.0
2;32500;STARFRUIT;5022;31;;;;;5028;2;5029;29;;;5025.0;0.0
2;32500;AMETHYSTS;9998;5;9996;2;9995;29;10004;2;10005;29;;;10001.0;0.0
2;32500;ORCHIDS;1048;6;1046;3;1040;45;1052;5;1055;6;1056;3;1050.0;0.0
2;32600;ORCHIDS;1048;5;1047;2;1041;48;1055;5;1057;2;1063;48;1051.5;0.0
2;32600;AMETHYSTS;9995;23;;;;;10005;23;;;;;10000.0;0.0
2;32600;STARFRUIT;5022;23;;;;;5029;23;;;;;5025.5;0.0
2;32700;ORCHIDS;1047;7;1046;5;1040;45;1054;7;1056;5;1062;45;1050.5;0.0
2;32700;STARFRUIT;5022;22;;;;;5029;22;;;;;5025.5;0.0
2;32700;AMETHYSTS;10002;3;9996;1;9995;21;10004;1;10005;21;;;10003.0;0.0
2;32800;STARFRUIT;5022;24;;;;;5029;24;;;;;5025.5;0.0
2;32800;ORCHIDS;1047;8;1046;5;1040;51;1055;8;1056;5;1063;51;1051.0;0.0
2;32800;AMETHYSTS;9995;24;;;;;10005;24;;;;;10000.0;0.0
2;32900;STARFRUIT;5022;28;;;;;5023;1;5027;5;5029;28;5022.5;0.0
2;32900;AMETHYSTS;9995;28;;;;;10005;28;;;;;10000.0;0.0
2;32900;ORCHIDS;1047;7;1046;3;1040;48;1055;7;1056;3;1063;48;1051.0;0.0
2;33000;ORCHIDS;1049;10;1048;2;1042;43;1056;10;1058;2;1064;43;1052.5;0.0
2;33000;AMETHYSTS;9995;22;;;;;10000;6;10005;22;;;9997.5;0.0
2;33000;STARFRUIT;5022;22;;;;;5025;6;5029;22;;;5023.5;0.0
2;33100;ORCHIDS;1047;6;1045;2;1039;40;1051;8;1054;6;1055;2;1049.0;0.0
2;33100;STARFRUIT;5022;20;;;;;5029;21;;;;;5025.5;0.0
2;33100;AMETHYSTS;9998;7;9995;21;;;10005;21;;;;;10001.5;0.0
2;33200;STARFRUIT;5022;27;;;;;5027;1;5029;27;;;5024.5;0.0
2;33200;ORCHIDS;1045;7;1044;2;1038;45;1052;7;1054;2;1060;45;1048.5;0.0
2;33200;AMETHYSTS;9995;27;;;;;10005;27;;;;;10000.0;0.0
2;33300;STARFRUIT;5021;25;;;;;5026;5;5028;25;;;5023.5;0.0
2;33300;AMETHYSTS;9995;25;;;;;10002;6;10005;25;;;9998.5;0.0
2;33300;ORCHIDS;1047;7;1046;3;1040;45;1054;7;1056;3;1062;45;1050.5;0.0
2;33400;ORCHIDS;1046;9;1045;3;1039;41;1050;8;1053;9;1055;3;1048.0;0.0
2;33400;AMETHYSTS;9998;2;9996;1;9995;20;10004;1;10005;20;;;10001.0;0.0
2;33400;STARFRUIT;5022;21;;;;;5029;21;;;;;5025.5;0.0
2;33500;ORCHIDS;1045;7;1043;5;1037;49;1052;7;1053;5;1060;49;1048.5;0.0
2;33500;STARFRUIT;5023;3;5022;26;;;5029;26;;;;;5026.0;0.0
2;33500;AMETHYSTS;9996;1;9995;25;;;10004;1;10005;25;;;10000.0;0.0
2;33600;STARFRUIT;5022;28;;;;;5028;2;5029;26;;;5025.0;0.0
2;33600;ORCHIDS;1045;10;1043;2;1037;55;1052;10;1053;2;1060;55;1048.5;0.0
2;33600;AMETHYSTS;9996;2;9995;26;;;10004;2;10005;26;;;10000.0;0.0
2;33700;STARFRUIT;5023;4;5022;29;;;5028;2;5029;27;;;5025.5;0.0
2;33700;AMETHYSTS;9996;2;9995;27;;;10004;2;10005;27;;;10000.0;0.0
2;33700;ORCHIDS;1044;7;1043;2;1037;51;1052;7;1053;2;1060;51;1048.0;0.0
2;33800;ORCHIDS;1044;7;1043;4;1037;42;1051;7;1053;4;1059;42;1047.5;0.0
2;33800;AMETHYSTS;9998;6;9996;1;9995;24;10004;1;10005;24;;;10001.0;0.0
2;33800;STARFRUIT;5022;25;;;;;5029;25;;;;;5025.5;0.0
2;33900;ORCHIDS;1043;7;1041;2;1035;46;1050;7;1051;2;1058;46;1046.5;0.0
2;33900;STARFRUIT;5021;20;;;;;5028;20;;;;;5024.5;0.0
2;33900;AMETHYSTS;9995;20;;;;;10002;7;10005;20;;;9998.5;0.0
2;34000;STARFRUIT;5022;27;;;;;5029;27;;;;;5025.5;0.0
2;34000;ORCHIDS;1042;7;1041;4;1035;49;1050;7;1051;4;1058;49;1046.0;0.0
2;34000;AMETHYSTS;9996;2;9995;25;;;10004;2;10005;25;;;10000.0;0.0
2;34100;AMETHYSTS;9995;29;;;;;10005;29;;;;;10000.0;0.0
2;34100;STARFRUIT;5022;29;;;;;5029;29;;;;;5025.5;0.0
2;34100;ORCHIDS;1042;9;1041;3;1035;53;1050;9;1051;3;1058;53;1046.0;0.0
2;34200;ORCHIDS;1042;8;1041;5;1035;47;1050;8;1051;5;1058;47;1046.0;0.0
2;34200;AMETHYSTS;9996;1;9995;21;;;10004;1;10005;21;;;10000.0;0.0
2;34200;STARFRUIT;5022;22;;;;;5029;22;;;;;5025.5;0.0
2;34300;STARFRUIT;5021;30;;;;;5028;30;;;;;5024.5;0.0
2;34300;ORCHIDS;1042;9;1040;3;1034;49;1049;9;1050;3;1057;49;1045.5;0.0
2;34300;AMETHYSTS;9995;30;;;;;10005;30;;;;;10000.0;0.0
2;34400;ORCHIDS;1043;8;1041;2;1035;46;1050;8;1051;2;1058;46;1046.5;0.0
2;34400;AMETHYSTS;9996;1;9995;25;;;10004;1;10005;25;;;10000.0;0.0
2;34400;STARFRUIT;5021;26;;;;;5028;26;;;;;5024.5;0.0
2;34500;AMETHYSTS;9995;21;;;;;10005;21;;;;;10000.0;0.0
2;34500;STARFRUIT;5020;21;;;;;5025;4;5027;21;;;5022.5;0.0
2;34500;ORCHIDS;1043;7;1041;3;1035;47;1050;7;1051;3;1058;47;1046.5;0.0
2;34600;AMETHYSTS;9996;2;9995;20;;;10004;2;10005;20;;;10000.0;0.0
2;34600;ORCHIDS;1044;6;1042;4;1036;44;1051;6;1052;4;1059;44;1047.5;0.0
2;34600;STARFRUIT;5021;2;5020;20;;;5027;22;;;;;5024.0;0.0
2;34700;STARFRUIT;5020;29;;;;;5027;29;;;;;5023.5;0.0
2;34700;ORCHIDS;1043;7;1042;3;1036;56;1051;7;1052;3;1059;56;1047.0;0.0
2;34700;AMETHYSTS;9995;29;;;;;10005;29;;;;;10000.0;0.0
2;34800;AMETHYSTS;10002;4;10000;4;9995;27;10005;27;;;;;10003.5;0.0
2;34800;ORCHIDS;1044;5;1042;3;1036;42;1051;5;1052;3;1059;42;1047.5;0.0
2;34800;STARFRUIT;5024;3;5022;4;5019;27;5026;27;;;;;5025.0;0.0
2;34900;AMETHYSTS;9995;26;;;;;10002;9;10005;26;;;9998.5;0.0
2;34900;STARFRUIT;5019;26;;;;;5026;26;;;;;5022.5;0.0
2;34900;ORCHIDS;1044;7;1043;3;1037;47;1051;7;1053;3;1059;47;1047.5;0.0
2;35000;AMETHYSTS;9998;7;9995;24;;;10005;24;;;;;10001.5;0.0
2;35000;ORCHIDS;1042;10;1041;2;1035;44;1049;10;1051;2;1057;44;1045.5;0.0
2;35000;STARFRUIT;5019;24;;;;;5024;7;5026;24;;;5021.5;0.0
2;35100;STARFRUIT;5019;20;;;;;5026;20;;;;;5022.5;0.0
2;35100;ORCHIDS;1043;5;1041;3;1035;41;1050;5;1051;3;1058;41;1046.5;0.0
2;35100;AMETHYSTS;9995;20;;;;;10005;20;;;;;10000.0;0.0
2;35200;AMETHYSTS;9996;1;9995;20;;;10004;1;10005;20;;;10000.0;0.0
2;35200;ORCHIDS;1042;7;1041;4;1035;38;1049;7;1051;4;1057;38;1045.5;0.0
2;35200;STARFRUIT;5019;20;;;;;5026;21;;;;;5022.5;0.0
2;35300;AMETHYSTS;9996;1;9995;30;;;10002;1;10004;1;10005;30;9999.0;0.0
2;35300;STARFRUIT;5020;6;5019;31;;;5026;31;;;;;5023.0;0.0
2;35300;ORCHIDS;1043;10;1042;2;1036;60;1050;10;1052;2;1058;60;1046.5;0.0
2;35400;AMETHYSTS;9995;25;;;;;10002;10;10005;25;;;9998.5;0.0
2;35400;ORCHIDS;1043;7;1041;2;1035;43;1050;7;1051;2;1058;43;1046.5;0.0
2;35400;STARFRUIT;5019;25;;;;;5026;25;;;;;5022.5;0.0
2;35500;STARFRUIT;5019;21;;;;;5025;1;5026;20;;;5022.0;0.0
2;35500;ORCHIDS;1045;5;1043;4;1037;38;1052;5;1053;4;1060;38;1048.5;0.0
2;35500;AMETHYSTS;9996;1;9995;20;;;9998;1;10004;1;10005;20;9997.0;0.0
2;35600;AMETHYSTS;9995;20;;;;;10005;20;;;;;10000.0;0.0
2;35600;ORCHIDS;1048;9;1045;8;1044;2;1052;8;1054;2;1060;42;1050.0;0.0
2;35600;STARFRUIT;5020;4;5019;20;;;5026;20;;;;;5023.0;0.0
2;35700;AMETHYSTS;9998;5;9995;22;;;10005;22;;;;;10001.5;0.0
2;35700;STARFRUIT;5019;22;;;;;5024;1;5026;22;;;5021.5;0.0
2;35700;ORCHIDS;1045;9;1044;4;1038;48;1053;9;1054;4;1061;48;1049.0;0.0
2;35800;AMETHYSTS;9995;26;;;;;10005;26;;;;;10000.0;0.0
2;35800;ORCHIDS;1045;8;1044;4;1038;53;1053;8;1054;4;1061;53;1049.0;0.0
2;35800;STARFRUIT;5019;26;;;;;5026;26;;;;;5022.5;0.0
2;35900;STARFRUIT;5019;20;;;;;5024;6;5026;20;;;5021.5;0.0
2;35900;ORCHIDS;1047;10;1044;9;1042;5;1051;9;1052;5;1059;40;1049.0;0.0
2;35900;AMETHYSTS;9995;20;;;;;10005;20;;;;;10000.0;0.0
2;36000;AMETHYSTS;9995;24;;;;;10005;24;;;;;10000.0;0.0
2;36000;ORCHIDS;1042;9;1040;3;1034;46;1046;8;1049;9;1050;3;1044.0;0.0
2;36000;STARFRUIT;5018;24;;;;;5025;24;;;;;5021.5;0.0
2;36100;AMETHYSTS;9996;1;9995;27;;;10004;1;10005;27;;;10000.0;0.0
2;36100;STARFRUIT;5018;28;;;;;5025;28;;;;;5021.5;0.0
2;36100;ORCHIDS;1038;8;1037;4;1031;50;1045;8;1047;4;1053;50;1041.5;0.0
2;36200;AMETHYSTS;9996;1;9995;29;;;10004;1;10005;29;;;10000.0;0.0
2;36200;ORCHIDS;1036;5;1035;5;1029;51;1043;5;1045;5;1051;51;1039.5;0.0
2;36200;STARFRUIT;5019;1;5018;29;;;5023;2;5025;30;;;5021.0;0.0
2;36300;STARFRUIT;5019;21;;;;;5026;21;;;;;5022.5;0.0
2;36300;ORCHIDS;1038;5;1036;5;1030;36;1045;5;1046;5;1053;36;1041.5;0.0
2;36300;AMETHYSTS;9996;1;9995;20;;;10004;1;10005;20;;;10000.0;0.0
2;36400;ORCHIDS;1038;6;1036;5;1030;44;1045;6;1046;5;1053;44;1041.5;0.0
2;36400;STARFRUIT;5019;26;;;;;5024;6;5025;1;5026;25;5021.5;0.0
2;36400;AMETHYSTS;9996;1;9995;25;;;10002;9;10004;1;10005;25;9999.0;0.0
2;36500;AMETHYSTS;9998;5;9996;1;9995;21;10004;1;10005;21;;;10001.0;0.0
2;36500;STARFRUIT;5019;1;5018;21;;;5023;4;5025;22;;;5021.0;0.0
2;36500;ORCHIDS;1038;10;1036;2;1030;51;1045;10;1046;2;1053;51;1041.5;0.0
2;36600;ORCHIDS;1038;7;1037;5;1031;47;1045;7;1047;5;1053;47;1041.5;0.0
2;36600;STARFRUIT;5020;6;5019;24;;;5026;24;;;;;5023.0;0.0
2;36600;AMETHYSTS;9996;1;9995;23;;;10004;1;10005;23;;;10000.0;0.0
2;36700;STARFRUIT;5019;27;;;;;5026;27;;;;;5022.5;0.0
2;36700;ORCHIDS;1040;8;1038;5;1032;48;1047;8;1048;5;1055;48;1043.5;0.0
2;36700;AMETHYSTS;9995;27;;;;;10005;27;;;;;10000.0;0.0
2;36800;ORCHIDS;1040;9;1039;2;1033;42;1047;9;1049;2;1055;42;1043.5;0.0
2;36800;STARFRUIT;5019;23;;;;;5026;23;;;;;5022.5;0.0
2;36800;AMETHYSTS;9996;2;9995;21;;;9998;1;10002;6;10004;2;9997.0;0.0
2;36900;ORCHIDS;1042;8;1041;5;1035;48;1049;8;1051;5;1057;48;1045.5;0.0
2;36900;AMETHYSTS;9996;2;9995;23;;;10004;2;10005;23;;;10000.0;0.0
2;36900;STARFRUIT;5019;1;5018;23;;;5023;5;5025;25;;;5021.0;0.0
2;37000;STARFRUIT;5019;4;5018;28;;;5025;28;;;;;5022.0;0.0
2;37000;AMETHYSTS;9995;28;;;;;10005;28;;;;;10000.0;0.0
2;37000;ORCHIDS;1042;9;1041;2;1035;56;1050;9;1051;2;1058;56;1046.0;0.0
2;37100;STARFRUIT;5018;25;;;;;5025;25;;;;;5021.5;0.0
2;37100;ORCHIDS;1042;9;1040;2;1034;46;1049;9;1050;2;1057;46;1045.5;0.0
2;37100;AMETHYSTS;9998;6;9996;2;9995;23;10004;2;10005;23;;;10001.0;0.0
2;37200;ORCHIDS;1041;8;1040;2;1034;44;1049;8;1050;2;1057;44;1045.0;0.0
2;37200;STARFRUIT;5020;6;5019;24;;;5026;24;;;;;5023.0;0.0
2;37200;AMETHYSTS;9995;24;;;;;10005;24;;;;;10000.0;0.0
2;37300;ORCHIDS;1041;9;1039;3;1033;52;1048;9;1049;3;1056;52;1044.5;0.0
2;37300;AMETHYSTS;10000;2;9998;10;9995;29;10005;29;;;;;10002.5;0.0
2;37300;STARFRUIT;5022;2;5019;29;;;5024;6;5026;29;;;5023.0;0.0
2;37400;STARFRUIT;5019;22;;;;;5026;22;;;;;5022.5;0.0
2;37400;AMETHYSTS;9998;8;9996;2;9995;20;10004;2;10005;20;;;10001.0;0.0
2;37400;ORCHIDS;1039;10;1038;4;1032;42;1046;10;1048;4;1054;42;1042.5;0.0
2;37500;STARFRUIT;5020;4;5019;24;;;5026;24;;;;;5023.0;0.0
2;37500;ORCHIDS;1040;5;1038;5;1032;44;1047;5;1048;5;1055;44;1043.5;0.0
2;37500;AMETHYSTS;9996;2;9995;22;;;10004;2;10005;22;;;10000.0;0.0
2;37600;ORCHIDS;1042;7;1041;5;1035;50;1049;7;1051;5;1057;50;1045.5;0.0
2;37600;STARFRUIT;5020;25;;;;;5027;25;;;;;5023.5;0.0
2;37600;AMETHYSTS;9996;1;9995;24;;;10004;1;10005;24;;;10000.0;0.0
2;37700;ORCHIDS;1044;7;1041;10;1040;5;1048;10;1050;5;1056;44;1046.0;0.0
2;37700;AMETHYSTS;9996;1;9995;21;;;10004;1;10005;21;;;10000.0;0.0
2;37700;STARFRUIT;5025;1;5020;22;;;5026;1;5027;21;;;5025.5;0.0
2;37800;STARFRUIT;5020;26;;;;;5027;26;;;;;5023.5;0.0
2;37800;AMETHYSTS;9998;7;9996;1;9995;25;10004;1;10005;25;;;10001.0;0.0
2;37800;ORCHIDS;1043;8;1041;5;1035;49;1050;8;1051;5;1058;49;1046.5;0.0
2;37900;STARFRUIT;5020;29;;;;;5022;4;5027;29;;;5021.0;0.0
2;37900;ORCHIDS;1042;8;1041;5;1035;55;1049;8;1051;5;1057;55;1045.5;0.0
2;37900;AMETHYSTS;9996;2;9995;27;;;10002;9;10004;2;10005;27;9999.0;0.0
2;38000;ORCHIDS;1042;5;1041;5;1035;43;1050;5;1051;5;1058;43;1046.0;0.0
2;38000;STARFRUIT;5019;25;;;;;5024;2;5026;25;;;5021.5;0.0
2;38000;AMETHYSTS;9996;1;9995;24;;;10004;1;10005;24;;;10000.0;0.0
2;38100;ORCHIDS;1044;6;1042;2;1036;53;1051;6;1052;2;1059;53;1047.5;0.0
2;38100;AMETHYSTS;9995;27;;;;;10005;27;;;;;10000.0;0.0
2;38100;STARFRUIT;5020;27;;;;;5027;27;;;;;5023.5;0.0
2;38200;STARFRUIT;5020;7;5019;29;;;5026;30;;;;;5023.0;0.0
2;38200;AMETHYSTS;9996;1;9995;29;;;10004;1;10005;29;;;10000.0;0.0
2;38200;ORCHIDS;1043;10;1041;2;1035;55;1050;10;1051;2;1058;55;1046.5;0.0
2;38300;STARFRUIT;5019;25;;;;;5026;25;;;;;5022.5;0.0
2;38300;ORCHIDS;1042;7;1041;2;1035;50;1050;7;1051;2;1058;50;1046.0;0.0
2;38300;AMETHYSTS;9998;8;9995;25;;;10005;25;;;;;10001.5;0.0
2;38400;ORCHIDS;1042;9;1041;3;1035;48;1050;9;1051;3;1058;48;1046.0;0.0
2;38400;STARFRUIT;5020;2;5019;25;;;5026;27;;;;;5023.0;0.0
2;38400;AMETHYSTS;9996;2;9995;25;;;10002;3;10004;2;10005;25;9999.0;0.0
2;38500;ORCHIDS;1044;9;1042;3;1036;47;1051;9;1052;3;1059;47;1047.5;0.0
2;38500;AMETHYSTS;10000;6;9995;22;;;10002;10;10005;22;;;10001.0;0.0
2;38500;STARFRUIT;5023;6;5020;22;;;5027;22;;;;;5025.0;0.0
2;38600;STARFRUIT;5020;31;;;;;5026;2;5027;29;;;5023.0;0.0
2;38600;AMETHYSTS;9996;2;9995;29;;;10004;2;10005;29;;;10000.0;0.0
2;38600;ORCHIDS;1042;10;1041;5;1035;51;1049;10;1051;5;1057;51;1045.5;0.0
2;38700;STARFRUIT;5020;27;;;;;5026;1;5027;26;;;5023.0;0.0
2;38700;ORCHIDS;1042;7;1041;4;1035;48;1049;7;1051;4;1057;48;1045.5;0.0
2;38700;AMETHYSTS;9996;1;9995;26;;;10004;1;10005;26;;;10000.0;0.0
2;38800;ORCHIDS;1041;8;1040;4;1034;48;1048;8;1050;4;1056;48;1044.5;0.0
2;38800;STARFRUIT;5020;21;;;;;5027;21;;;;;5023.5;0.0
2;38800;AMETHYSTS;9995;21;;;;;10005;21;;;;;10000.0;0.0
2;38900;ORCHIDS;1043;7;1042;5;1036;44;1050;7;1052;5;1058;44;1046.5;0.0
2;38900;AMETHYSTS;9996;2;9995;21;;;10004;2;10005;21;;;10000.0;0.0
2;38900;STARFRUIT;5020;2;5019;21;;;5024;4;5026;23;;;5022.0;0.0
2;39000;STARFRUIT;5019;29;;;;;5026;29;;;;;5022.5;0.0
2;39000;AMETHYSTS;9995;29;;;;;10002;2;10005;29;;;9998.5;0.0
2;39000;ORCHIDS;1044;7;1041;10;1040;2;1048;10;1050;2;1056;49;1046.0;0.0
2;39100;STARFRUIT;5019;2;5018;21;;;5023;4;5025;23;;;5021.0;0.0
2;39100;AMETHYSTS;9996;2;9995;21;;;10002;5;10004;2;10005;21;9999.0;0.0
2;39100;ORCHIDS;1041;6;1040;3;1034;37;1048;6;1050;3;1056;37;1044.5;0.0
2;39200;ORCHIDS;1040;7;1038;2;1032;42;1047;7;1048;2;1055;42;1043.5;0.0
2;39200;STARFRUIT;5019;23;;;;;5025;2;5026;21;;;5022.0;0.0
2;39200;AMETHYSTS;9996;2;9995;21;;;10004;2;10005;21;;;10000.0;0.0
2;39300;AMETHYSTS;9996;2;9995;21;;;10004;2;10005;21;;;10000.0;0.0
2;39300;ORCHIDS;1040;8;1039;5;1032;46;1047;8;1048;5;1055;46;1043.5;0.0
2;39300;STARFRUIT;5019;4;5018;21;;;5025;23;;;;;5022.0;0.0
2;39400;STARFRUIT;5019;27;;;;;5026;27;;;;;5022.5;0.0
2;39400;AMETHYSTS;9996;2;9995;25;;;10004;2;10005;25;;;10000.0;0.0
2;39400;ORCHIDS;1040;6;1039;4;1032;47;1047;6;1048;4;1055;47;1043.5;0.0
2;39500;STARFRUIT;5024;1;5019;25;;;5025;2;5026;23;;;5024.5;0.0
2;39500;AMETHYSTS;9996;2;9995;23;;;10004;2;10005;23;;;10000.0;0.0
2;39500;ORCHIDS;1038;6;1037;5;1031;42;1045;6;1047;5;1053;42;1041.5;0.0
2;39600;ORCHIDS;1037;7;1036;4;1030;49;1044;7;1046;4;1052;49;1040.5;0.0
2;39600;STARFRUIT;5018;28;;;;;5025;28;;;;;5021.5;0.0
2;39600;AMETHYSTS;9995;28;;;;;10005;28;;;;;10000.0;0.0
2;39700;AMETHYSTS;9996;1;9995;20;;;10004;1;10005;20;;;10000.0;0.0
2;39700;ORCHIDS;1038;8;1036;3;1030;40;1045;8;1046;3;1053;40;1041.5;0.0
2;39700;STARFRUIT;5018;21;;;;;5025;21;;;;;5021.5;0.0
2;39800;STARFRUIT;5018;28;;;;;5023;1;5025;28;;;5020.5;0.0
2;39800;AMETHYSTS;9996;2;9995;26;;;10004;2;10005;26;;;10000.0;0.0
2;39800;ORCHIDS;1036;5;1035;5;1029;47;1043;5;1045;5;1051;47;1039.5;0.0
2;39900;STARFRUIT;5019;6;5018;25;;;5025;25;;;;;5022.0;0.0
2;39900;AMETHYSTS;9996;1;9995;24;;;10002;3;10004;1;10005;24;9999.0;0.0
2;39900;ORCHIDS;1036;7;1035;3;1029;45;1043;7;1045;3;1051;45;1039.5;0.0
2;40000;ORCHIDS;1037;9;1035;3;1029;51;1044;9;1045;3;1052;51;1040.5;0.0
2;40000;STARFRUIT;5019;3;5018;29;;;5025;30;;;;;5022.0;0.0
2;40000;AMETHYSTS;9998;3;9996;1;9995;29;10004;1;10005;29;;;10001.0;0.0
2;40100;AMETHYSTS;9996;2;9995;30;;;10004;2;10005;30;;;10000.0;0.0
2;40100;ORCHIDS;1034;5;1033;5;1027;54;1041;5;1043;5;1049;54;1037.5;0.0
2;40100;STARFRUIT;5019;32;;;;;5026;32;;;;;5022.5;0.0
2;40200;STARFRUIT;5019;22;;;;;5024;6;5025;2;5026;20;5021.5;0.0
2;40200;AMETHYSTS;9996;2;9995;20;;;10004;2;10005;20;;;10000.0;0.0
2;40200;ORCHIDS;1035;9;1034;2;1028;41;1042;9;1043;2;1049;41;1038.5;0.0
2;40300;STARFRUIT;5019;30;;;;;5020;2;5022;5;5026;30;5019.5;0.0
2;40300;AMETHYSTS;9995;30;;;;;10000;5;10005;30;;;9997.5;0.0
2;40300;ORCHIDS;1036;7;1035;4;1029;47;1043;7;1044;4;1050;47;1039.5;0.0
2;40400;ORCHIDS;1034;7;1033;5;1028;48;1041;7;1042;5;1048;48;1037.5;0.0
2;40400;STARFRUIT;5019;22;;;;;5020;8;5024;8;5026;22;5019.5;0.0
2;40400;AMETHYSTS;9995;22;;;;;10005;22;;;;;10000.0;0.0
2;40500;AMETHYSTS;9998;6;9996;1;9995;20;10004;1;10005;20;;;10001.0;0.0
2;40500;ORCHIDS;1033;6;1032;3;1026;38;1040;6;1041;3;1047;38;1036.5;0.0
2;40500;STARFRUIT;5019;21;;;;;5026;21;;;;;5022.5;0.0
2;40600;STARFRUIT;5019;28;;;;;5026;28;;;;;5022.5;0.0
2;40600;AMETHYSTS;9996;1;9995;27;;;10004;1;10005;27;;;10000.0;0.0
2;40600;ORCHIDS;1035;8;1034;2;1028;55;1042;8;1043;2;1049;55;1038.5;0.0
2;40700;STARFRUIT;5019;20;;;;;5026;20;;;;;5022.5;0.0
2;40700;AMETHYSTS;9995;20;;;;;10005;20;;;;;10000.0;0.0
2;40700;ORCHIDS;1035;6;1034;3;1028;43;1041;6;1042;3;1049;43;1038.0;0.0
2;40800;AMETHYSTS;9995;24;;;;;10005;24;;;;;10000.0;0.0
2;40800;ORCHIDS;1035;10;1034;3;1029;44;1042;10;1043;3;1049;44;1038.5;0.0
2;40800;STARFRUIT;5019;24;;;;;5026;24;;;;;5022.5;0.0
2;40900;ORCHIDS;1033;8;1032;4;1027;39;1040;8;1041;4;1047;39;1036.5;0.0
2;40900;STARFRUIT;5020;1;5019;20;;;5026;21;;;;;5023.0;0.0
2;40900;AMETHYSTS;9996;1;9995;20;;;10004;1;10005;20;;;10000.0;0.0
2;41000;STARFRUIT;5021;5;5020;27;;;5027;27;;;;;5024.0;0.0
2;41000;AMETHYSTS;9995;27;;;;;10005;27;;;;;10000.0;0.0
2;41000;ORCHIDS;1034;8;1033;5;1027;45;1041;8;1042;5;1048;45;1037.5;0.0
2;41100;STARFRUIT;5020;23;;;;;5026;2;5027;21;;;5023.0;0.0
2;41100;AMETHYSTS;9996;2;9995;21;;;10002;6;10004;2;10005;21;9999.0;0.0
2;41100;ORCHIDS;1034;5;1033;5;1028;43;1041;5;1042;5;1048;43;1037.5;0.0
2;41200;AMETHYSTS;10002;1;9996;1;9995;26;10004;1;10005;26;;;10003.0;0.0
2;41200;ORCHIDS;1035;7;1034;2;1028;46;1041;7;1042;2;1049;46;1038.0;0.0
2;41200;STARFRUIT;5019;26;;;;;5026;27;;;;;5022.5;0.0
2;41300;ORCHIDS;1034;9;1033;3;1027;54;1041;9;1042;3;1048;54;1037.5;0.0
2;41300;STARFRUIT;5020;28;;;;;5021;4;5025;8;5026;1;5020.5;0.0
2;41300;AMETHYSTS;9996;1;9995;27;;;10004;1;10005;27;;;10000.0;0.0
2;41400;STARFRUIT;5019;28;;;;;5026;28;;;;;5022.5;0.0
2;41400;ORCHIDS;1034;5;1033;3;1027;47;1040;5;1041;3;1048;47;1037.0;0.0
2;41400;AMETHYSTS;9996;2;9995;26;;;9998;3;10004;2;10005;26;9997.0;0.0
2;41500;STARFRUIT;5020;4;5019;20;;;5026;20;;;;;5023.0;0.0
2;41500;AMETHYSTS;9995;20;;;;;10002;2;10005;20;;;9998.5;0.0
2;41500;ORCHIDS;1033;9;1032;2;1027;47;1040;9;1041;2;1047;47;1036.5;0.0
2;41600;ORCHIDS;1033;5;1032;2;1026;49;1040;5;1041;2;1047;49;1036.5;0.0
2;41600;AMETHYSTS;9996;2;9995;29;;;10004;2;10005;29;;;10000.0;0.0
2;41600;STARFRUIT;5020;2;5019;29;;;5026;31;;;;;5023.0;0.0
2;41700;ORCHIDS;1033;9;1032;2;1026;49;1040;9;1041;2;1047;49;1036.5;0.0
2;41700;STARFRUIT;5020;23;;;;;5026;1;5027;22;;;5023.0;0.0
2;41700;AMETHYSTS;9996;1;9995;22;;;10004;1;10005;22;;;10000.0;0.0
2;41800;STARFRUIT;5019;24;;;;;5024;6;5026;24;;;5021.5;0.0
2;41800;ORCHIDS;1032;9;1031;4;1026;51;1039;9;1040;4;1046;51;1035.5;0.0
2;41800;AMETHYSTS;9996;2;9995;22;;;9998;1;10002;7;10004;2;9997.0;0.0
2;41900;STARFRUIT;5020;8;5019;26;;;5026;26;;;;;5023.0;0.0
2;41900;AMETHYSTS;9996;2;9995;24;;;10004;2;10005;24;;;10000.0;0.0
2;41900;ORCHIDS;1031;5;1030;3;1024;39;1038;5;1039;3;1045;39;1034.5;0.0
2;42000;ORCHIDS;1032;8;1031;3;1025;50;1039;8;1040;3;1046;50;1035.5;0.0
2;42000;AMETHYSTS;9996;1;9995;28;;;10004;1;10005;28;;;10000.0;0.0
2;42000;STARFRUIT;5019;29;;;;;5026;29;;;;;5022.5;0.0
2;42100;ORCHIDS;1032;9;1031;5;1025;45;1039;9;1040;5;1046;45;1035.5;0.0
2;42100;STARFRUIT;5019;25;;;;;5026;25;;;;;5022.5;0.0
2;42100;AMETHYSTS;9996;2;9995;23;;;10004;2;10005;23;;;10000.0;0.0
2;42200;STARFRUIT;5019;21;;;;;5024;3;5026;21;;;5021.5;0.0
2;42200;ORCHIDS;1035;5;1034;3;1028;40;1042;5;1043;3;1049;40;1038.5;0.0
2;42200;AMETHYSTS;9996;1;9995;20;;;10004;1;10005;20;;;10000.0;0.0
2;42300;STARFRUIT;5024;3;5019;21;;;5026;21;;;;;5025.0;0.0
2;42300;AMETHYSTS;9995;21;;;;;10005;21;;;;;10000.0;0.0
2;42300;ORCHIDS;1032;6;1031;4;1025;43;1039;6;1040;4;1046;43;1035.5;0.0
2;42400;ORCHIDS;1031;8;1030;4;1024;55;1038;8;1039;4;1045;55;1034.5;0.0
2;42400;AMETHYSTS;9996;1;9995;29;;;10004;1;10005;29;;;10000.0;0.0
2;42400;STARFRUIT;5019;30;;;;;5026;30;;;;;5022.5;0.0
2;42500;ORCHIDS;1029;5;1028;3;1022;50;1036;5;1037;3;1043;50;1032.5;0.0
2;42500;STARFRUIT;5022;3;5019;30;;;5026;30;;;;;5024.0;0.0
2;42500;AMETHYSTS;10000;3;9996;2;9995;28;10002;10;10004;2;10005;28;10001.0;0.0
2;42600;STARFRUIT;5020;29;;;;;5025;8;5026;2;5027;27;5022.5;0.0
2;42600;ORCHIDS;1029;7;1028;4;1022;50;1036;7;1037;4;1043;50;1032.5;0.0
2;42600;AMETHYSTS;9996;2;9995;27;;;10004;2;10005;27;;;10000.0;0.0
2;42700;STARFRUIT;5020;1;5019;25;;;5026;26;;;;;5023.0;0.0
2;42700;AMETHYSTS;9998;3;9996;1;9995;25;10004;1;10005;25;;;10001.0;0.0
2;42700;ORCHIDS;1027;7;1026;2;1020;47;1034;7;1035;2;1041;47;1030.5;0.0
2;42800;ORCHIDS;1027;5;1026;5;1020;41;1034;5;1035;5;1041;41;1030.5;0.0
2;42800;AMETHYSTS;9996;2;9995;24;;;10004;2;10005;24;;;10000.0;0.0
2;42800;STARFRUIT;5019;26;;;;;5020;1;5026;26;;;5019.5;0.0
2;42900;ORCHIDS;1025;5;1024;2;1018;48;1032;5;1033;2;1039;48;1028.5;0.0
2;42900;STARFRUIT;5019;25;;;;;5026;25;;;;;5022.5;0.0
2;42900;AMETHYSTS;9996;2;9995;23;;;10002;3;10004;2;10005;23;9999.0;0.0
2;43000;ORCHIDS;1025;5;1024;2;1018;54;1032;5;1033;2;1039;54;1028.5;0.0
2;43000;AMETHYSTS;9996;1;9995;29;;;10004;1;10005;29;;;10000.0;0.0
2;43000;STARFRUIT;5019;1;5018;29;;;5025;30;;;;;5022.0;0.0
2;43100;AMETHYSTS;9998;5;9995;22;;;10005;22;;;;;10001.5;0.0
2;43100;STARFRUIT;5019;22;;;;;5024;5;5026;22;;;5021.5;0.0
2;43100;ORCHIDS;1027;7;1026;4;1020;41;1034;7;1035;4;1041;41;1030.5;0.0
2;43200;ORCHIDS;1026;5;1025;3;1019;49;1033;5;1034;3;1040;49;1029.5;0.0
2;43200;AMETHYSTS;9995;25;;;;;10002;1;10005;25;;;9998.5;0.0
2;43200;STARFRUIT;5020;25;;;;;5021;2;5027;25;;;5020.5;0.0
2;43300;STARFRUIT;5019;27;;;;;5026;27;;;;;5022.5;0.0
2;43300;ORCHIDS;1027;5;1026;5;1020;46;1034;5;1035;5;1041;46;1030.5;0.0
2;43300;AMETHYSTS;9995;27;;;;;10005;27;;;;;10000.0;0.0
2;43400;ORCHIDS;1030;7;1027;6;1026;4;1034;6;1035;4;1041;44;1032.0;0.0
2;43400;AMETHYSTS;9998;9;9995;27;;;10005;27;;;;;10001.5;0.0
2;43400;STARFRUIT;5019;27;;;;;5024;4;5026;27;;;5021.5;0.0
2;43500;AMETHYSTS;9996;1;9995;23;;;10004;1;10005;23;;;10000.0;0.0
2;43500;STARFRUIT;5019;24;;;;;5024;3;5026;24;;;5021.5;0.0
2;43500;ORCHIDS;1027;10;1026;2;1020;47;1034;10;1035;2;1041;47;1030.5;0.0
2;43600;AMETHYSTS;9996;1;9995;27;;;10004;1;10005;27;;;10000.0;0.0
2;43600;ORCHIDS;1027;9;1026;2;1020;52;1034;9;1035;2;1041;52;1030.5;0.0
2;43600;STARFRUIT;5019;28;;;;;5024;6;5026;28;;;5021.5;0.0
2;43700;STARFRUIT;5019;2;5018;26;;;5021;5;5025;28;;;5020.0;0.0
2;43700;ORCHIDS;1026;5;1025;2;1019;46;1033;5;1034;2;1040;46;1029.5;0.0
2;43700;AMETHYSTS;10002;1;9996;2;9995;26;10004;2;10005;26;;;10003.0;0.0
2;43800;AMETHYSTS;9996;2;9995;30;;;10004;2;10005;30;;;10000.0;0.0
2;43800;ORCHIDS;1022;8;1021;4;1015;49;1029;8;1030;4;1036;49;1025.5;0.0
2;43800;STARFRUIT;5019;32;;;;;5026;32;;;;;5022.5;0.0
2;43900;AMETHYSTS;9995;26;;;;;10002;10;10005;26;;;9998.5;0.0
2;43900;STARFRUIT;5019;26;;;;;5026;26;;;;;5022.5;0.0
2;43900;ORCHIDS;1022;8;1021;2;1015;47;1029;8;1030;2;1036;47;1025.5;0.0
2;44000;AMETHYSTS;9996;1;9995;22;;;10004;1;10005;22;;;10000.0;0.0
2;44000;ORCHIDS;1022;5;1021;3;1015;39;1029;5;1030;3;1036;39;1025.5;0.0
2;44000;STARFRUIT;5019;23;;;;;5026;23;;;;;5022.5;0.0
2;44100;STARFRUIT;5020;30;;;;;5027;30;;;;;5023.5;0.0
2;44100;ORCHIDS;1024;10;1023;4;1017;58;1031;10;1032;4;1038;58;1027.5;0.0
2;44100;AMETHYSTS;9996;2;9995;28;;;10004;2;10005;28;;;10000.0;0.0
2;44200;AMETHYSTS;9998;7;9995;22;;;10005;22;;;;;10001.5;0.0
2;44200;ORCHIDS;1023;5;1022;3;1016;40;1030;5;1031;3;1037;40;1026.5;0.0
2;44200;STARFRUIT;5021;4;5020;22;;;5027;22;;;;;5024.0;0.0
2;44300;AMETHYSTS;10000;2;9996;2;9995;25;10004;2;10005;25;;;10002.0;0.0
2;44300;STARFRUIT;5024;2;5021;27;;;5027;2;5028;25;;;5025.5;0.0
2;44300;ORCHIDS;1023;9;1022;2;1016;47;1030;9;1031;2;1037;47;1026.5;0.0
2;44400;AMETHYSTS;9998;2;9995;27;;;10005;27;;;;;10001.5;0.0
2;44400;ORCHIDS;1024;8;1023;2;1017;51;1031;8;1032;2;1038;51;1027.5;0.0
2;44400;STARFRUIT;5021;27;;;;;5028;27;;;;;5024.5;0.0
2;44500;STARFRUIT;5022;1;5021;30;;;5028;31;;;;;5025.0;0.0
2;44500;ORCHIDS;1024;6;1023;5;1017;50;1031;6;1032;5;1038;50;1027.5;0.0
2;44500;AMETHYSTS;9996;1;9995;30;;;10004;1;10005;30;;;10000.0;0.0
2;44600;AMETHYSTS;9995;26;;;;;10005;26;;;;;10000.0;0.0
2;44600;ORCHIDS;1026;5;1025;2;1019;46;1033;5;1034;2;1040;46;1029.5;0.0
2;44600;STARFRUIT;5021;26;;;;;5028;26;;;;;5024.5;0.0
2;44700;AMETHYSTS;9995;28;;;;;10005;28;;;;;10000.0;0.0
2;44700;STARFRUIT;5022;28;;;;;5027;5;5029;28;;;5024.5;0.0
2;44700;ORCHIDS;1027;7;1026;5;1020;49;1034;7;1035;5;1041;49;1030.5;0.0
2;44800;AMETHYSTS;9996;1;9995;21;;;10004;1;10005;21;;;10000.0;0.0
2;44800;ORCHIDS;1028;7;1027;2;1021;45;1035;7;1036;2;1042;45;1031.5;0.0
2;44800;STARFRUIT;5022;22;;;;;5027;4;5029;22;;;5024.5;0.0
2;44900;STARFRUIT;5022;24;;;;;5027;3;5029;24;;;5024.5;0.0
2;44900;ORCHIDS;1030;10;1029;4;1023;46;1037;10;1038;4;1044;46;1033.5;0.0
2;44900;AMETHYSTS;9998;4;9995;24;;;10005;24;;;;;10001.5;0.0
2;45000;AMETHYSTS;9996;1;9995;21;;;10004;1;10005;21;;;10000.0;0.0
2;45000;ORCHIDS;1030;8;1029;4;1023;42;1037;8;1038;4;1044;42;1033.5;0.0
2;45000;STARFRUIT;5022;21;;;;;5029;22;;;;;5025.5;0.0
2;45100;AMETHYSTS;9996;1;9995;22;;;10004;1;10005;22;;;10000.0;0.0
2;45100;STARFRUIT;5022;23;;;;;5029;23;;;;;5025.5;0.0
2;45100;ORCHIDS;1030;6;1029;2;1023;43;1037;6;1038;2;1044;43;1033.5;0.0
2;45200;AMETHYSTS;9995;29;;;;;10005;29;;;;;10000.0;0.0
2;45200;ORCHIDS;1031;6;1030;3;1024;46;1038;6;1039;3;1045;46;1034.5;0.0
2;45200;STARFRUIT;5022;29;;;;;5029;29;;;;;5025.5;0.0
2;45300;STARFRUIT;5022;1;5021;28;;;5028;29;;;;;5025.0;0.0
2;45300;ORCHIDS;1034;10;1033;2;1027;58;1041;10;1042;2;1048;58;1037.5;0.0
2;45300;AMETHYSTS;9996;1;9995;28;;;10004;1;10005;28;;;10000.0;0.0
2;45400;ORCHIDS;1033;5;1032;3;1026;43;1040;5;1041;3;1047;43;1036.5;0.0
2;45400;STARFRUIT;5021;24;;;;;5028;24;;;;;5024.5;0.0
2;45400;AMETHYSTS;9996;2;9995;22;;;9998;6;10002;5;10004;2;9997.0;0.0
2;45500;AMETHYSTS;9996;2;9995;28;;;9998;1;10004;2;10005;28;9997.0;0.0
2;45500;STARFRUIT;5021;30;;;;;5027;2;5028;28;;;5024.0;0.0
2;45500;ORCHIDS;1034;9;1033;2;1027;57;1041;9;1042;2;1048;57;1037.5;0.0
2;45600;ORCHIDS;1033;9;1032;4;1026;53;1041;9;1042;4;1048;53;1037.0;0.0
2;45600;STARFRUIT;5021;26;;;;;5022;1;5028;26;;;5021.5;0.0
2;45600;AMETHYSTS;9996;1;9995;25;;;10004;1;10005;25;;;10000.0;0.0
2;45700;STARFRUIT;5022;1;5021;28;;;5028;29;;;;;5025.0;0.0
2;45700;ORCHIDS;1035;5;1034;3;1028;50;1042;5;1043;3;1049;50;1038.5;0.0
2;45700;AMETHYSTS;9998;9;9996;1;9995;28;10004;1;10005;28;;;10001.0;0.0
2;45800;ORCHIDS;1034;9;1033;5;1027;42;1041;9;1042;5;1048;42;1037.5;0.0
2;45800;STARFRUIT;5022;2;5021;23;;;5028;25;;;;;5025.0;0.0
2;45800;AMETHYSTS;9996;2;9995;23;;;10004;2;10005;23;;;10000.0;0.0
2;45900;ORCHIDS;1033;10;1032;5;1026;55;1040;10;1041;5;1047;55;1036.5;0.0
2;45900;AMETHYSTS;9998;2;9995;26;;;10005;26;;;;;10001.5;0.0
2;45900;STARFRUIT;5022;26;;;;;5027;2;5029;26;;;5024.5;0.0
2;46000;STARFRUIT;5021;30;;;;;5028;30;;;;;5024.5;0.0
2;46000;AMETHYSTS;9996;1;9995;29;;;10004;1;10005;29;;;10000.0;0.0
2;46000;ORCHIDS;1031;6;1030;2;1024;46;1038;6;1039;2;1045;46;1034.5;0.0
2;46100;STARFRUIT;5021;26;;;;;5027;1;5028;25;;;5024.0;0.0
2;46100;ORCHIDS;1033;5;1032;2;1026;41;1040;5;1041;2;1047;41;1036.5;0.0
2;46100;AMETHYSTS;9998;5;9996;1;9995;25;10004;1;10005;25;;;10001.0;0.0
2;46200;ORCHIDS;1032;8;1031;5;1025;39;1039;8;1040;5;1046;39;1035.5;0.0
2;46200;STARFRUIT;5022;1;5021;20;;;5028;21;;;;;5025.0;0.0
2;46200;AMETHYSTS;9998;7;9996;1;9995;20;10004;1;10005;20;;;10001.0;0.0
2;46300;ORCHIDS;1031;7;1030;3;1024;45;1039;7;1040;3;1046;45;1035.0;0.0
2;46300;AMETHYSTS;9996;1;9995;27;;;10004;1;10005;27;;;10000.0;0.0
2;46300;STARFRUIT;5022;1;5021;27;;;5028;28;;;;;5025.0;0.0
2;46400;STARFRUIT;5021;24;;;;;5028;24;;;;;5024.5;0.0
2;46400;AMETHYSTS;9996;1;9995;23;;;10002;4;10004;1;10005;23;9999.0;0.0
2;46400;ORCHIDS;1034;7;1033;4;1027;42;1041;7;1042;4;1048;42;1037.5;0.0
2;46500;STARFRUIT;5022;1;5021;20;;;5026;5;5028;21;;;5024.0;0.0
2;46500;ORCHIDS;1037;8;1034;5;1033;4;1041;5;1042;4;1048;44;1039.0;0.0
2;46500;AMETHYSTS;9996;1;9995;20;;;10004;1;10005;20;;;10000.0;0.0
2;46600;ORCHIDS;1034;9;1033;5;1027;46;1036;3;1041;9;1042;5;1035.0;0.0
2;46600;STARFRUIT;5023;2;5022;21;;;5027;8;5029;23;;;5025.0;0.0
2;46600;AMETHYSTS;9996;2;9995;21;;;10004;2;10005;21;;;10000.0;0.0
2;46700;ORCHIDS;1033;10;1032;3;1026;48;1040;10;1041;3;1047;48;1036.5;0.0
2;46700;AMETHYSTS;10002;2;9996;2;9995;27;10004;2;10005;27;;;10003.0;0.0
2;46700;STARFRUIT;5022;29;;;;;5029;29;;;;;5025.5;0.0
2;46800;STARFRUIT;5023;4;5022;28;;;5029;2;5030;28;;;5026.0;0.0
2;46800;AMETHYSTS;9996;2;9995;28;;;10002;7;10004;2;10005;28;9999.0;0.0
2;46800;ORCHIDS;1031;9;1030;3;1024;53;1038;9;1039;3;1045;53;1034.5;0.0
2;46900;STARFRUIT;5023;25;;;;;5029;1;5030;24;;;5026.0;0.0
2;46900;ORCHIDS;1031;9;1030;5;1024;45;1039;9;1040;5;1046;45;1035.0;0.0
2;46900;AMETHYSTS;9998;10;9996;1;9995;24;10004;1;10005;24;;;10001.0;0.0
2;47000;ORCHIDS;1031;10;1030;2;1024;50;1038;10;1039;2;1045;50;1034.5;0.0
2;47000;STARFRUIT;5026;3;5023;27;;;5028;3;5030;27;;;5027.0;0.0
2;47000;AMETHYSTS;10000;3;9996;1;9995;26;10004;1;10005;26;;;10002.0;0.0
2;47100;ORCHIDS;1029;8;1028;5;1022;47;1036;8;1037;5;1043;47;1032.5;0.0
2;47100;AMETHYSTS;9998;7;9995;28;;;10005;28;;;;;10001.5;0.0
2;47100;STARFRUIT;5024;1;5023;28;;;5030;28;;;;;5027.0;0.0
2;47200;STARFRUIT;5023;25;;;;;5024;8;5030;25;;;5023.5;0.0
2;47200;AMETHYSTS;9998;8;9996;2;9995;23;10004;2;10005;23;;;10001.0;0.0
2;47200;ORCHIDS;1029;9;1028;4;1022;45;1036;9;1037;4;1043;45;1032.5;0.0
2;47300;STARFRUIT;5023;30;;;;;5030;30;;;;;5026.5;0.0
2;47300;ORCHIDS;1028;7;1027;4;1021;51;1035;7;1036;4;1042;51;1031.5;0.0
2;47300;AMETHYSTS;9996;1;9995;29;;;10004;1;10005;29;;;10000.0;0.0
2;47400;ORCHIDS;1028;5;1027;5;1021;51;1036;5;1037;5;1043;51;1032.0;0.0
2;47400;STARFRUIT;5023;28;;;;;5028;2;5030;28;;;5025.5;0.0
2;47400;AMETHYSTS;9995;28;;;;;9998;1;10005;28;;;9996.5;0.0
2;47500;ORCHIDS;1030;9;1029;4;1023;41;1037;9;1038;4;1044;41;1033.5;0.0
2;47500;AMETHYSTS;9996;2;9995;21;;;10004;2;10005;21;;;10000.0;0.0
2;47500;STARFRUIT;5023;23;;;;;5030;23;;;;;5026.5;0.0
2;47600;STARFRUIT;5023;29;;;;;5030;29;;;;;5026.5;0.0
2;47600;AMETHYSTS;9995;29;;;;;10005;29;;;;;10000.0;0.0
2;47600;ORCHIDS;1030;9;1029;5;1023;50;1037;9;1038;5;1044;50;1033.5;0.0
2;47700;STARFRUIT;5023;2;5022;23;;;5029;25;;;;;5026.0;0.0
2;47700;ORCHIDS;1031;10;1030;2;1024;47;1038;10;1039;2;1045;47;1034.5;0.0
2;47700;AMETHYSTS;9996;2;9995;23;;;10004;2;10005;23;;;10000.0;0.0
2;47800;ORCHIDS;1031;5;1030;3;1024;48;1038;5;1039;3;1045;48;1034.5;0.0
2;47800;STARFRUIT;5023;28;;;;;5028;7;5029;1;5030;27;5025.5;0.0
2;47800;AMETHYSTS;9996;1;9995;27;;;9998;1;10004;1;10005;27;9997.0;0.0
2;47900;AMETHYSTS;9995;24;;;;;9998;1;10005;24;;;9996.5;0.0
2;47900;ORCHIDS;1032;7;1031;3;1025;46;1039;7;1040;3;1046;46;1035.5;0.0
2;47900;STARFRUIT;5023;1;5022;24;;;5029;24;;;;;5026.0;0.0
2;48000;STARFRUIT;5023;6;5022;29;;;5029;29;;;;;5026.0;0.0
2;48000;AMETHYSTS;9996;1;9995;28;;;9998;3;10004;1;10005;28;9997.0;0.0
2;48000;ORCHIDS;1032;6;1031;5;1025;53;1039;6;1040;5;1046;53;1035.5;0.0
2;48100;STARFRUIT;5023;1;5022;21;;;5029;1;5030;21;;;5026.0;0.0
2;48100;AMETHYSTS;9996;1;9995;21;;;10004;1;10005;21;;;10000.0;0.0
2;48100;ORCHIDS;1033;7;1032;5;1026;41;1040;7;1041;5;1047;41;1036.5;0.0
2;48200;ORCHIDS;1035;10;1034;4;1028;51;1042;10;1043;4;1049;51;1038.5;0.0
2;48200;STARFRUIT;5022;26;;;;;5029;26;;;;;5025.5;0.0
2;48200;AMETHYSTS;10002;4;9996;1;9995;25;10004;1;10005;25;;;10003.0;0.0
2;48300;AMETHYSTS;10002;1;9996;2;9995;24;10004;2;10005;24;;;10003.0;0.0
2;48300;ORCHIDS;1034;5;1033;4;1027;39;1041;5;1042;4;1048;39;1037.5;0.0
2;48300;STARFRUIT;5022;26;;;;;5029;26;;;;;5025.5;0.0
2;48400;STARFRUIT;5022;23;;;;;5023;1;5029;23;;;5022.5;0.0
2;48400;AMETHYSTS;9995;23;;;;;10005;23;;;;;10000.0;0.0
2;48400;ORCHIDS;1035;9;1034;4;1028;45;1039;5;1042;9;1043;4;1037.0;0.0
2;48500;STARFRUIT;5028;1;5022;29;;;5029;29;;;;;5028.5;0.0
2;48500;AMETHYSTS;9995;29;;;;;10005;29;;;;;10000.0;0.0
2;48500;ORCHIDS;1036;9;1035;2;1029;57;1043;9;1044;2;1050;57;1039.5;0.0
2;48600;ORCHIDS;1036;6;1035;4;1029;40;1043;6;1044;4;1050;40;1039.5;0.0
2;48600;STARFRUIT;5023;24;;;;;5028;4;5029;2;5030;22;5025.5;0.0
2;48600;AMETHYSTS;9996;2;9995;22;;;10002;9;10004;2;10005;22;9999.0;0.0
2;48700;AMETHYSTS;9996;1;9995;27;;;10004;1;10005;27;;;10000.0;0.0
2;48700;ORCHIDS;1038;10;1037;4;1031;54;1045;10;1046;4;1052;54;1041.5;0.0
2;48700;STARFRUIT;5022;28;;;;;5029;28;;;;;5025.5;0.0
2;48800;STARFRUIT;5023;5;5022;21;;;5029;23;;;;;5026.0;0.0
2;48800;AMETHYSTS;9996;2;9995;21;;;10004;2;10005;21;;;10000.0;0.0
2;48800;ORCHIDS;1037;7;1036;2;1030;40;1045;7;1046;2;1052;40;1041.0;0.0
2;48900;STARFRUIT;5023;5;5022;24;;;5029;24;;;;;5026.0;0.0
2;48900;AMETHYSTS;9995;24;;;;;9998;1;10005;24;;;9996.5;0.0
2;48900;ORCHIDS;1037;10;1036;3;1030;50;1045;10;1046;3;1052;50;1041.0;0.0
2;49000;ORCHIDS;1037;6;1036;2;1030;43;1045;6;1046;2;1052;43;1041.0;0.0
2;49000;STARFRUIT;5021;22;;;;;5028;22;;;;;5024.5;0.0
2;49000;AMETHYSTS;9995;22;;;;;10005;22;;;;;10000.0;0.0
2;49100;AMETHYSTS;9996;1;9995;30;;;10004;1;10005;30;;;10000.0;0.0
2;49100;ORCHIDS;1037;6;1036;5;1030;55;1045;6;1046;5;1052;55;1041.0;0.0
2;49100;STARFRUIT;5023;1;5022;31;;;5029;31;;;;;5026.0;0.0
2;49200;STARFRUIT;5023;29;;;;;5030;29;;;;;5026.5;0.0
2;49200;AMETHYSTS;9998;7;9995;29;;;10005;29;;;;;10001.5;0.0
2;49200;ORCHIDS;1039;7;1038;5;1032;48;1046;7;1047;5;1053;48;1042.5;0.0
2;49300;STARFRUIT;5026;2;5023;31;;;5029;1;5030;30;;;5027.5;0.0
2;49300;AMETHYSTS;10000;3;9998;9;9996;1;10004;1;10005;30;;;10002.0;0.0
2;49300;ORCHIDS;1039;8;1038;5;1032;56;1046;8;1047;5;1053;56;1042.5;0.0
2;49400;ORCHIDS;1039;10;1038;5;1032;44;1046;10;1047;5;1053;44;1042.5;0.0
2;49400;STARFRUIT;5028;1;5024;6;5023;22;5029;1;5030;21;;;5028.5;0.0
2;49400;AMETHYSTS;9996;1;9995;21;;;10004;1;10005;21;;;10000.0;0.0
2;49500;AMETHYSTS;10002;4;9996;1;9995;21;10004;1;10005;21;;;10003.0;0.0
2;49500;ORCHIDS;1039;7;1038;5;1032;48;1046;7;1047;5;1053;48;1042.5;0.0
2;49500;STARFRUIT;5028;1;5023;1;5022;21;5029;22;;;;;5028.5;0.0
2;49600;STARFRUIT;5022;23;;;;;5029;23;;;;;5025.5;0.0
2;49600;AMETHYSTS;9996;2;9995;21;;;10004;2;10005;21;;;10000.0;0.0
2;49600;ORCHIDS;1039;6;1038;4;1032;46;1046;6;1047;4;1053;46;1042.5;0.0
2;49700;STARFRUIT;5022;29;;;;;5027;6;5029;29;;;5024.5;0.0
2;49700;AMETHYSTS;9995;29;;;;;10005;29;;;;;10000.0;0.0
2;49700;ORCHIDS;1041;8;1040;5;1034;49;1048;8;1049;5;1055;49;1044.5;0.0
2;49800;AMETHYSTS;9996;2;9995;21;;;9998;1;10002;3;10004;2;9997.0;0.0
2;49800;ORCHIDS;1042;7;1041;5;1035;45;1049;7;1050;5;1056;45;1045.5;0.0
2;49800;STARFRUIT;5022;23;;;;;5029;23;;;;;5025.5;0.0
2;49900;ORCHIDS;1040;6;1039;4;1033;45;1047;6;1048;4;1054;45;1043.5;0.0
2;49900;STARFRUIT;5022;27;;;;;5027;1;5029;27;;;5024.5;0.0
2;49900;AMETHYSTS;9995;27;;;;;10002;7;10005;27;;;9998.5;0.0
2;50000;STARFRUIT;5023;2;5022;21;;;5029;23;;;;;5026.0;0.0
2;50000;AMETHYSTS;9998;1;9996;2;9995;21;10004;2;10005;21;;;10001.0;0.0
2;50000;ORCHIDS;1041;6;1040;2;1034;42;1048;6;1049;2;1055;42;1044.5;0.0
2;50100;STARFRUIT;5022;26;;;;;5029;26;;;;;5025.5;0.0
2;50100;AMETHYSTS;9996;2;9995;24;;;10004;2;10005;24;;;10000.0;0.0
2;50100;ORCHIDS;1041;9;1040;4;1034;45;1048;9;1049;4;1055;45;1044.5;0.0
2;50200;ORCHIDS;1040;6;1039;3;1033;43;1047;6;1048;3;1054;43;1043.5;0.0
2;50200;AMETHYSTS;9996;1;9995;25;;;10004;1;10005;25;;;10000.0;0.0
2;50200;STARFRUIT;5023;2;5022;26;;;5029;26;;;;;5026.0;0.0
2;50300;ORCHIDS;1041;10;1040;4;1034;50;1048;10;1049;4;1055;50;1044.5;0.0
2;50300;STARFRUIT;5021;26;;;;;5026;3;5028;26;;;5023.5;0.0
2;50300;AMETHYSTS;10002;1;9996;1;9995;25;10004;1;10005;25;;;10003.0;0.0
2;50400;STARFRUIT;5021;22;;;;;5028;23;;;;;5024.5;0.0
2;50400;ORCHIDS;1042;8;1041;4;1035;50;1049;8;1050;4;1056;50;1045.5;0.0
2;50400;AMETHYSTS;9996;1;9995;22;;;10004;1;10005;22;;;10000.0;0.0
2;50500;STARFRUIT;5021;20;;;;;5028;20;;;;;5024.5;0.0
2;50500;AMETHYSTS;9995;20;;;;;10002;4;10005;20;;;9998.5;0.0
2;50500;ORCHIDS;1044;9;1043;2;1037;39;1051;9;1052;2;1058;39;1047.5;0.0
2;50600;ORCHIDS;1045;8;1044;3;1038;42;1052;8;1053;3;1059;42;1048.5;0.0
2;50600;AMETHYSTS;9996;1;9995;23;;;10004;1;10005;23;;;10000.0;0.0
2;50600;STARFRUIT;5027;1;5021;24;;;5028;24;;;;;5027.5;0.0
2;50700;ORCHIDS;1046;9;1045;4;1039;41;1053;9;1054;4;1060;41;1049.5;0.0
2;50700;STARFRUIT;5021;21;;;;;5026;2;5028;21;;;5023.5;0.0
2;50700;AMETHYSTS;9998;1;9995;21;;;10005;21;;;;;10001.5;0.0
2;50800;STARFRUIT;5021;31;;;;;5026;3;5028;31;;;5023.5;0.0
2;50800;ORCHIDS;1046;7;1045;3;1039;46;1053;7;1054;3;1060;46;1049.5;0.0
2;50800;AMETHYSTS;9996;2;9995;29;;;10002;5;10004;2;10005;29;9999.0;0.0
2;50900;STARFRUIT;5021;21;;;;;5028;22;;;;;5024.5;0.0
2;50900;AMETHYSTS;9995;22;;;;;9998;1;10005;22;;;9996.5;0.0
2;50900;ORCHIDS;1044;5;1043;4;1037;43;1051;5;1052;4;1058;43;1047.5;0.0
2;51000;ORCHIDS;1045;8;1044;5;1038;53;1052;8;1053;5;1059;53;1048.5;0.0
2;51000;AMETHYSTS;9998;1;9996;1;9995;30;10004;1;10005;30;;;10001.0;0.0
2;51000;STARFRUIT;5021;31;;;;;5027;1;5028;30;;;5024.0;0.0
2;51100;ORCHIDS;1045;10;1044;2;1038;46;1052;10;1053;2;1059;46;1048.5;0.0
2;51100;STARFRUIT;5021;27;;;;;5028;27;;;;;5024.5;0.0
2;51100;AMETHYSTS;9996;1;9995;26;;;10002;5;10004;1;10005;26;9999.0;0.0
2;51200;STARFRUIT;5021;30;;;;;5028;30;;;;;5024.5;0.0
2;51200;ORCHIDS;1044;8;1043;5;1037;54;1052;8;1053;5;1059;54;1048.0;0.0
2;51200;AMETHYSTS;9995;30;;;;;10005;30;;;;;10000.0;0.0
2;51300;STARFRUIT;5020;28;;;;;5027;28;;;;;5023.5;0.0
2;51300;AMETHYSTS;9998;7;9995;28;;;10005;28;;;;;10001.5;0.0
2;51300;ORCHIDS;1046;10;1045;5;1039;50;1053;10;1054;5;1060;50;1049.5;0.0
2;51400;ORCHIDS;1046;8;1045;2;1039;54;1053;8;1054;2;1060;54;1049.5;0.0
2;51400;AMETHYSTS;9996;1;9995;26;;;10004;1;10005;26;;;10000.0;0.0
2;51400;STARFRUIT;5020;27;;;;;5027;27;;;;;5023.5;0.0
2;51500;ORCHIDS;1045;10;1044;5;1038;44;1052;10;1053;5;1059;44;1048.5;0.0
2;51500;STARFRUIT;5020;22;;;;;5023;3;5026;2;5027;20;5021.5;0.0
2;51500;AMETHYSTS;9996;2;9995;20;;;10000;3;10004;2;10005;20;9998.0;0.0
2;51600;STARFRUIT;5019;22;;;;;5026;23;;;;;5022.5;0.0
2;51600;ORCHIDS;1047;7;1046;2;1040;42;1054;7;1055;2;1061;42;1050.5;0.0
2;51600;AMETHYSTS;9995;23;;;;;10005;23;;;;;10000.0;0.0
2;51700;STARFRUIT;5018;28;;;;;5023;2;5025;28;;;5020.5;0.0
2;51700;AMETHYSTS;9996;2;9995;26;;;10004;2;10005;26;;;10000.0;0.0
2;51700;ORCHIDS;1047;6;1046;2;1040;46;1054;6;1055;2;1061;46;1050.5;0.0
