day;timestamp;product;bid_price_1;bid_volume_1;bid_price_2;bid_volume_2;bid_price_3;bid_volume_3;ask_price_1;ask_volume_1;ask_price_2;ask_volume_2;ask_price_3;ask_volume_3;mid_price;profit_and_loss
1;0;AMETHYSTS;9998;9;9995;23;;;10005;23;;;;;10001.5;0.0
1;0;STARFRUIT;5047;23;;;;;5054;23;;;;;5050.5;0.0
1;100;STARFRUIT;5053;1;5050;2;5047;22;5054;22;;;;;5053.5;0.0
1;100;AMETHYSTS;10002;1;10000;2;9998;4;10004;1;10005;21;;;10003.0;0.0
1;200;AMETHYSTS;9996;1;9995;21;;;10004;1;10005;21;;;10000.0;0.0
1;200;STARFRUIT;5048;1;5047;21;;;5054;22;;;;;5051.0;0.0
1;300;AMETHYSTS;9995;26;;;;;10005;26;;;;;10000.0;0.0
1;300;STARFRUIT;5053;1;5047;26;;;5054;26;;;;;5053.5;0.0
1;400;AMETHYSTS;9998;8;9996;2;9995;26;10004;2;10005;26;;;10001.0;0.0
1;400;STARFRUIT;5047;28;;;;;5054;28;;;;;5050.5;0.0
1;500;STARFRUIT;5048;24;;;;;5053;3;5055;24;;;5050.5;0.0
1;500;AMETHYSTS;9998;8;9996;1;9995;23;10004;1;10005;23;;;10001.0;0.0
1;600;AMETHYSTS;9996;2;9995;28;;;10004;2;10005;28;;;10000.0;0.0
1;600;STARFRUIT;5052;5;5048;30;;;5055;30;;;;;5053.5;0.0
1;700;AMETHYSTS;9996;1;9995;22;;;10004;1;10005;22;;;10000.0;0.0
1;700;STARFRUIT;5048;22;;;;;5055;23;;;;;5051.5;0.0
1;800;AMETHYSTS;9996;1;9995;24;;;10000;3;10004;1;10005;24;9998.0;0.0
1;800;STARFRUIT;5048;25;;;;;5051;3;5055;25;;;5049.5;0.0
1;900;STARFRUIT;5048;21;;;;;5055;21;;;;;5051.5;0.0
1;900;AMETHYSTS;9996;1;9995;20;;;9998;11;10004;1;10005;20;9997.0;0.0
1;1000;STARFRUIT;5049;1;5048;30;;;5055;31;;;;;5052.0;0.0
1;1000;AMETHYSTS;9996;1;9995;30;;;10004;1;10005;30;;;10000.0;0.0
1;1100;AMETHYSTS;9996;1;9995;21;;;10002;6;10004;1;10005;21;9999.0;0.0
1;1100;STARFRUIT;5049;22;;;;;5055;1;5056;21;;;5052.0;0.0
1;1200;STARFRUIT;5049;22;;;;;5056;23;;;;;5052.5;0.0
1;1200;AMETHYSTS;9996;1;9995;22;;;10004;1;10005;22;;;10000.0;0.0
1;1300;STARFRUIT;5050;25;;;;;5057;25;;;;;5053.5;0.0
1;1300;AMETHYSTS;10002;1;9995;25;;;10005;25;;;;;10003.5;0.0
1;1400;STARFRUIT;5049;23;;;;;5052;6;5056;23;;;5050.5;0.0
1;1400;AMETHYSTS;9995;23;;;;;10000;6;10005;23;;;9997.5;0.0
1;1500;AMETHYSTS;9996;1;9995;20;;;9998;4;10004;1;10005;20;9997.0;0.0
1;1500;STARFRUIT;5054;1;5049;21;;;5056;21;;;;;5055.0;0.0
1;1600;STARFRUIT;5049;30;;;;;5056;30;;;;;5052.5;0.0
1;1600;AMETHYSTS;9996;2;9995;28;;;10004;2;10005;28;;;10000.0;0.0
1;1700;STARFRUIT;5049;28;;;;;5054;8;5056;28;;;5051.5;0.0
1;1700;AMETHYSTS;9995;28;;;;;10005;28;;;;;10000.0;0.0
1;1800;STARFRUIT;5051;4;5048;23;;;5055;23;;;;;5053.0;0.0
1;1800;AMETHYSTS;10000;4;9995;23;;;10002;10;10005;23;;;10001.0;0.0
1;1900;AMETHYSTS;9996;2;9995;30;;;10004;2;10005;30;;;10000.0;0.0
1;1900;STARFRUIT;5047;32;;;;;5048;1;5054;32;;;5047.5;0.0
1;2000;STARFRUIT;5049;2;5048;21;;;5055;23;;;;;5052.0;0.0
1;2000;AMETHYSTS;9996;2;9995;21;;;10004;2;10005;21;;;10000.0;0.0
1;2100;STARFRUIT;5048;28;;;;;5053;5;5055;28;;;5050.5;0.0
1;2100;AMETHYSTS;9996;2;9995;26;;;10004;2;10005;26;;;10000.0;0.0
1;2200;STARFRUIT;5050;4;5049;21;;;5055;1;5056;20;;;5052.5;0.0
1;2200;AMETHYSTS;9996;1;9995;20;;;9998;4;10004;1;10005;20;9997.0;0.0
1;2300;AMETHYSTS;9996;2;9995;22;;;10004;2;10005;22;;;10000.0;0.0
1;2300;STARFRUIT;5050;5;5049;24;;;5056;24;;;;;5053.0;0.0
1;2400;STARFRUIT;5049;22;;;;;5055;2;5056;20;;;5052.0;0.0
1;2400;AMETHYSTS;9996;2;9995;20;;;10004;2;10005;20;;;10000.0;0.0
1;2500;STARFRUIT;5049;2;5048;21;;;5055;23;;;;;5052.0;0.0
1;2500;AMETHYSTS;9998;3;9996;2;9995;21;10004;2;10005;21;;;10001.0;0.0
1;2600;STARFRUIT;5048;30;;;;;5055;30;;;;;5051.5;0.0
1;2600;AMETHYSTS;10002;1;9996;1;9995;29;10004;1;10005;29;;;10003.0;0.0
1;2700;AMETHYSTS;9998;7;9996;2;9995;21;10004;2;10005;21;;;10001.0;0.0
1;2700;STARFRUIT;5049;7;5048;23;;;5055;23;;;;;5052.0;0.0
1;2800;STARFRUIT;5049;27;;;;;5056;27;;;;;5052.5;0.0
1;2800;AMETHYSTS;9995;27;;;;;10005;27;;;;;10000.0;0.0
1;2900;STARFRUIT;5049;22;;;;;5056;22;;;;;5052.5;0.0
1;2900;AMETHYSTS;9996;2;9995;20;;;10004;2;10005;20;;;10000.0;0.0
1;3000;STARFRUIT;5054;1;5050;5;5049;30;5056;30;;;;;5055.0;0.0
1;3000;AMETHYSTS;9996;1;9995;29;;;10004;1;10005;29;;;10000.0;0.0
1;3100;AMETHYSTS;9998;5;9996;1;9995;27;10004;1;10005;27;;;10001.0;0.0
1;3100;STARFRUIT;5048;28;;;;;5055;28;;;;;5051.5;0.0
1;3200;STARFRUIT;5049;24;;;;;5052;5;5056;24;;;5050.5;0.0
1;3200;AMETHYSTS;10002;2;9995;24;;;10005;24;;;;;10003.5;0.0
1;3300;STARFRUIT;5050;1;5049;24;;;5056;25;;;;;5053.0;0.0
1;3300;AMETHYSTS;10002;1;9996;1;9995;24;10004;1;10005;24;;;10003.0;0.0
1;3400;STARFRUIT;5050;29;;;;;5056;2;5057;27;;;5053.0;0.0
1;3400;AMETHYSTS;9998;10;9996;2;9995;27;10004;2;10005;27;;;10001.0;0.0
1;3500;AMETHYSTS;9995;26;;;;;10002;10;10005;26;;;9998.5;0.0
1;3500;STARFRUIT;5049;26;;;;;5057;26;;;;;5053.0;0.0
1;3600;STARFRUIT;5050;27;;;;;5057;27;;;;;5053.5;0.0
1;3600;AMETHYSTS;9995;27;;;;;10002;8;10005;27;;;9998.5;0.0
1;3700;STARFRUIT;5050;25;;;;;5057;25;;;;;5053.5;0.0
1;3700;AMETHYSTS;9998;3;9995;25;;;10005;25;;;;;10001.5;0.0
1;3800;STARFRUIT;5051;24;;;;;5056;7;5058;24;;;5053.5;0.0
1;3800;AMETHYSTS;9995;24;;;;;10005;24;;;;;10000.0;0.0
1;3900;AMETHYSTS;9996;2;9995;24;;;10004;2;10005;24;;;10000.0;0.0
1;3900;STARFRUIT;5051;1;5050;26;;;5057;26;;;;;5054.0;0.0
1;4000;STARFRUIT;5051;30;;;;;5058;31;;;;;5054.5;0.0
1;4000;AMETHYSTS;10002;1;9996;1;9995;30;10004;1;10005;30;;;10003.0;0.0
1;4100;STARFRUIT;5054;5;5052;2;5051;22;5058;24;;;;;5056.0;0.0
1;4100;AMETHYSTS;10000;5;9996;2;9995;22;10002;4;10004;2;10005;22;10001.0;0.0
1;4200;STARFRUIT;5051;29;;;;;5056;7;5058;29;;;5053.5;0.0
1;4200;AMETHYSTS;10002;5;9996;1;9995;28;10004;1;10005;28;;;10003.0;0.0
1;4300;AMETHYSTS;9995;26;;;;;10002;8;10005;26;;;9998.5;0.0
1;4300;STARFRUIT;5052;26;;;;;5054;2;5059;26;;;5053.0;0.0
1;4400;STARFRUIT;5052;28;;;;;5059;28;;;;;5055.5;0.0
1;4400;AMETHYSTS;9995;28;;;;;10005;28;;;;;10000.0;0.0
1;4500;STARFRUIT;5053;26;;;;;5058;8;5060;26;;;5055.5;0.0
1;4500;AMETHYSTS;9995;26;;;;;10005;26;;;;;10000.0;0.0
1;4600;STARFRUIT;5053;21;;;;;5058;3;5060;21;;;5055.5;0.0
1;4600;AMETHYSTS;9995;21;;;;;10005;21;;;;;10000.0;0.0
1;4700;AMETHYSTS;9998;5;9995;26;;;10005;26;;;;;10001.5;0.0
1;4700;STARFRUIT;5053;26;;;;;5060;26;;;;;5056.5;0.0
1;4800;STARFRUIT;5059;1;5054;7;5053;23;5060;23;;;;;5059.5;0.0
1;4800;AMETHYSTS;9996;1;9995;22;;;10004;1;10005;22;;;10000.0;0.0
1;4900;STARFRUIT;5054;2;5053;22;;;5058;6;5060;24;;;5056.0;0.0
1;4900;AMETHYSTS;9996;2;9995;22;;;10004;2;10005;22;;;10000.0;0.0
1;5000;STARFRUIT;5054;5;5053;31;;;5060;31;;;;;5057.0;0.0
1;5000;AMETHYSTS;9998;9;9996;1;9995;30;10004;1;10005;30;;;10001.0;0.0
1;5100;AMETHYSTS;9995;26;;;;;10005;26;;;;;10000.0;0.0
1;5100;STARFRUIT;5053;26;;;;;5060;26;;;;;5056.5;0.0
1;5200;STARFRUIT;5056;5;5054;6;5053;25;5060;25;;;;;5058.0;0.0
1;5200;AMETHYSTS;10000;5;9998;7;9996;2;10004;2;10005;23;;;10002.0;0.0
1;5300;STARFRUIT;5054;22;;;;;5061;22;;;;;5057.5;0.0
1;5300;AMETHYSTS;9995;22;;;;;9998;12;10005;22;;;9996.5;0.0
1;5400;AMETHYSTS;9995;30;;;;;10005;30;;;;;10000.0;0.0
1;5400;STARFRUIT;5054;30;;;;;5061;30;;;;;5057.5;0.0
1;5500;STARFRUIT;5054;29;;;;;5055;8;5060;1;5061;28;5054.5;0.0
1;5500;AMETHYSTS;9996;1;9995;28;;;10004;1;10005;28;;;10000.0;0.0
1;5600;STARFRUIT;5053;25;;;;;5060;25;;;;;5056.5;0.0
1;5600;AMETHYSTS;9998;2;9996;2;9995;23;10004;2;10005;23;;;10001.0;0.0
1;5700;STARFRUIT;5055;3;5054;31;;;5060;1;5061;30;;;5057.5;0.0
1;5700;AMETHYSTS;9996;1;9995;30;;;10004;1;10005;30;;;10000.0;0.0
1;5800;AMETHYSTS;9996;2;9995;28;;;10004;2;10005;28;;;10000.0;0.0
1;5800;STARFRUIT;5054;30;;;;;5061;30;;;;;5057.5;0.0
1;5900;STARFRUIT;5054;23;;;;;5061;23;;;;;5057.5;0.0
1;5900;AMETHYSTS;9996;2;9995;21;;;10004;2;10005;21;;;10000.0;0.0
1;6000;STARFRUIT;5053;30;;;;;5060;30;;;;;5056.5;0.0
1;6000;AMETHYSTS;9995;30;;;;;10002;10;10005;30;;;9998.5;0.0
1;6100;STARFRUIT;5054;25;;;;;5061;25;;;;;5057.5;0.0
1;6100;AMETHYSTS;9996;1;9995;24;;;10004;1;10005;24;;;10000.0;0.0
1;6200;AMETHYSTS;9998;3;9996;1;9995;29;10004;1;10005;29;;;10001.0;0.0
1;6200;STARFRUIT;5060;1;5054;30;;;5061;30;;;;;5060.5;0.0
1;6300;STARFRUIT;5054;22;;;;;5062;22;;;;;5058.0;0.0
1;6300;AMETHYSTS;9995;22;;;;;10005;22;;;;;10000.0;0.0
1;6400;STARFRUIT;5054;24;;;;;5061;24;;;;;5057.5;0.0
1;6400;AMETHYSTS;9996;1;9995;23;;;10002;6;10004;1;10005;23;9999.0;0.0
1;6500;STARFRUIT;5054;22;;;;;5061;22;;;;;5057.5;0.0
1;6500;AMETHYSTS;9995;22;;;;;10005;22;;;;;10000.0;0.0
1;6600;AMETHYSTS;9996;2;9995;27;;;10004;2;10005;27;;;10000.0;0.0
1;6600;STARFRUIT;5055;29;;;;;5056;7;5062;29;;;5055.5;0.0
1;6700;STARFRUIT;5054;31;;;;;5059;7;5061;31;;;5056.5;0.0
1;6700;AMETHYSTS;9996;1;9995;30;;;10004;1;10005;30;;;10000.0;0.0
1;6800;STARFRUIT;5056;4;5054;2;5053;29;5060;31;;;;;5058.0;0.0
1;6800;AMETHYSTS;10000;5;9996;2;9995;29;10004;2;10005;29;;;10002.0;0.0
1;6900;STARFRUIT;5053;29;;;;;5058;3;5060;29;;;5055.5;0.0
1;6900;AMETHYSTS;9996;2;9995;27;;;10004;2;10005;27;;;10000.0;0.0
1;7000;AMETHYSTS;9996;1;9995;30;;;10004;1;10005;30;;;10000.0;0.0
1;7000;STARFRUIT;5055;7;5054;31;;;5061;31;;;;;5058.0;0.0
1;7100;STARFRUIT;5054;31;;;;;5061;31;;;;;5057.5;0.0
1;7100;AMETHYSTS;9996;1;9995;30;;;9998;5;10002;7;10004;1;9997.0;0.0
1;7200;STARFRUIT;5056;6;5055;23;;;5062;23;;;;;5059.0;0.0
1;7200;AMETHYSTS;9996;1;9995;22;;;10002;1;10004;1;10005;22;9999.0;0.0
1;7300;STARFRUIT;5055;1;5054;25;;;5061;26;;;;;5058.0;0.0
1;7300;AMETHYSTS;9996;1;9995;25;;;10004;1;10005;25;;;10000.0;0.0
1;7400;AMETHYSTS;10002;1;9995;22;;;10005;22;;;;;10003.5;0.0
1;7400;STARFRUIT;5055;22;;;;;5062;22;;;;;5058.5;0.0
1;7500;STARFRUIT;5055;29;;;;;5060;3;5062;29;;;5057.5;0.0
1;7500;AMETHYSTS;9995;29;;;;;10005;29;;;;;10000.0;0.0
1;7600;AMETHYSTS;10002;1;9995;27;;;10005;27;;;;;10003.5;0.0
1;7600;STARFRUIT;5054;27;;;;;5061;27;;;;;5057.5;0.0
1;7700;AMETHYSTS;9996;1;9995;25;;;10002;5;10004;1;10005;25;9999.0;0.0
1;7700;STARFRUIT;5054;26;;;;;5061;26;;;;;5057.5;0.0
1;7800;AMETHYSTS;9995;23;;;;;10005;23;;;;;10000.0;0.0
1;7800;STARFRUIT;5055;1;5054;23;;;5061;23;;;;;5058.0;0.0
1;7900;STARFRUIT;5055;2;5054;22;;;5061;24;;;;;5058.0;0.0
1;7900;AMETHYSTS;9996;2;9995;22;;;10002;7;10004;2;10005;22;9999.0;0.0
1;8000;AMETHYSTS;10000;3;9996;2;9995;28;10004;2;10005;28;;;10002.0;0.0
1;8000;STARFRUIT;5059;1;5057;3;5054;30;5061;30;;;;;5060.0;0.0
1;8100;AMETHYSTS;9995;25;;;;;10005;25;;;;;10000.0;0.0
1;8100;STARFRUIT;5054;25;;;;;5061;25;;;;;5057.5;0.0
1;8200;AMETHYSTS;9996;2;9995;25;;;10004;2;10005;25;;;10000.0;0.0
1;8200;STARFRUIT;5054;27;;;;;5061;27;;;;;5057.5;0.0
1;8300;STARFRUIT;5054;28;;;;;5061;28;;;;;5057.5;0.0
1;8300;AMETHYSTS;9998;9;9995;28;;;10005;28;;;;;10001.5;0.0
1;8400;AMETHYSTS;9998;5;9995;29;;;10005;29;;;;;10001.5;0.0
1;8400;STARFRUIT;5055;29;;;;;5062;29;;;;;5058.5;0.0
1;8500;AMETHYSTS;9996;2;9995;25;;;10004;2;10005;25;;;10000.0;0.0
1;8500;STARFRUIT;5055;10;5054;25;;;5061;2;5062;25;;;5058.0;0.0
1;8600;AMETHYSTS;9996;2;9995;27;;;10004;2;10005;27;;;10000.0;0.0
1;8600;STARFRUIT;5055;2;5054;27;;;5061;29;;;;;5058.0;0.0
1;8700;STARFRUIT;5059;1;5055;8;5054;24;5061;24;;;;;5060.0;0.0
1;8700;AMETHYSTS;9996;2;9995;22;;;10004;2;10005;22;;;10000.0;0.0
1;8800;AMETHYSTS;9996;1;9995;30;;;10004;1;10005;30;;;10000.0;0.0
1;8800;STARFRUIT;5054;1;5053;30;;;5060;1;5061;30;;;5057.0;0.0
1;8900;AMETHYSTS;9995;26;;;;;10005;26;;;;;10000.0;0.0
1;8900;STARFRUIT;5055;2;5054;26;;;5061;26;;;;;5058.0;0.0
1;9000;AMETHYSTS;9995;23;;;;;10005;23;;;;;10000.0;0.0
1;9000;STARFRUIT;5054;23;;;;;5061;23;;;;;5057.5;0.0
1;9100;STARFRUIT;5056;5;5055;22;;;5062;22;;;;;5059.0;0.0
1;9100;AMETHYSTS;9995;22;;;;;9998;1;10005;22;;;9996.5;0.0
1;9200;AMETHYSTS;9996;2;9995;25;;;10004;2;10005;25;;;10000.0;0.0
1;9200;STARFRUIT;5056;3;5055;27;;;5061;2;5062;25;;;5058.5;0.0
1;9300;AMETHYSTS;10002;11;9998;1;9996;1;10004;1;10005;29;;;10003.0;0.0
1;9300;STARFRUIT;5055;30;;;;;5062;30;;;;;5058.5;0.0
1;9400;AMETHYSTS;10002;1;9996;2;9995;28;10004;2;10005;28;;;10003.0;0.0
1;9400;STARFRUIT;5056;3;5055;30;;;5062;30;;;;;5059.0;0.0
1;9500;STARFRUIT;5055;26;;;;;5062;26;;;;;5058.5;0.0
1;9500;AMETHYSTS;10002;1;9996;2;9995;24;10004;2;10005;24;;;10003.0;0.0
1;9600;AMETHYSTS;9996;1;9995;20;;;10002;6;10004;1;10005;20;9999.0;0.0
1;9600;STARFRUIT;5056;1;5055;20;;;5062;21;;;;;5059.0;0.0
1;9700;AMETHYSTS;9996;1;9995;30;;;10000;4;10004;1;10005;30;9998.0;0.0
1;9700;STARFRUIT;5056;31;;;;;5059;5;5061;5;5063;31;5057.5;0.0
1;9800;STARFRUIT;5056;26;;;;;5062;2;5063;24;;;5059.0;0.0
1;9800;AMETHYSTS;9998;1;9996;2;9995;24;10004;2;10005;24;;;10001.0;0.0
1;9900;STARFRUIT;5055;24;;;;;5062;24;;;;;5058.5;0.0
1;9900;AMETHYSTS;9995;24;;;;;10005;24;;;;;10000.0;0.0
1;10000;STARFRUIT;5055;27;;;;;5062;27;;;;;5058.5;0.0
1;10000;AMETHYSTS;9995;27;;;;;10005;27;;;;;10000.0;0.0
1;10100;AMETHYSTS;10002;4;9996;1;9995;20;10004;1;10005;20;;;10003.0;0.0
1;10100;STARFRUIT;5055;21;;;;;5060;5;5062;21;;;5057.5;0.0
1;10200;STARFRUIT;5055;20;;;;;5062;20;;;;;5058.5;0.0
1;10200;AMETHYSTS;9995;20;;;;;10005;20;;;;;10000.0;0.0
1;10300;STARFRUIT;5056;5;5055;25;;;5062;25;;;;;5059.0;0.0
1;10300;AMETHYSTS;9996;1;9995;24;;;10004;1;10005;24;;;10000.0;0.0
1;10400;STARFRUIT;5055;25;;;;;5062;25;;;;;5058.5;0.0
1;10400;AMETHYSTS;9995;25;;;;;10005;25;;;;;10000.0;0.0
1;10500;AMETHYSTS;9995;26;;;;;10005;26;;;;;10000.0;0.0
1;10500;STARFRUIT;5056;8;5055;26;;;5062;26;;;;;5059.0;0.0
1;10600;STARFRUIT;5060;3;5055;20;;;5062;20;;;;;5061.0;0.0
1;10600;AMETHYSTS;9995;20;;;;;10005;20;;;;;10000.0;0.0
1;10700;STARFRUIT;5056;7;5055;24;;;5062;24;;;;;5059.0;0.0
1;10700;AMETHYSTS;9995;24;;;;;9998;3;10005;24;;;9996.5;0.0
1;10800;STARFRUIT;5057;6;5056;23;;;5063;23;;;;;5060.0;0.0
1;10800;AMETHYSTS;9995;23;;;;;10002;1;10005;23;;;9998.5;0.0
1;10900;AMETHYSTS;9996;1;9995;22;;;10000;6;10004;1;10005;22;9998.0;0.0
1;10900;STARFRUIT;5055;23;;;;;5058;6;5062;23;;;5056.5;0.0
1;11000;STARFRUIT;5055;27;;;;;5060;2;5061;1;5062;26;5057.5;0.0
1;11000;AMETHYSTS;9996;1;9995;26;;;10004;1;10005;26;;;10000.0;0.0
1;11100;STARFRUIT;5056;1;5055;31;;;5061;1;5062;30;;;5058.5;0.0
1;11100;AMETHYSTS;9996;1;9995;30;;;10002;1;10004;1;10005;30;9999.0;0.0
1;11200;STARFRUIT;5055;30;;;;;5060;5;5062;30;;;5057.5;0.0
1;11200;AMETHYSTS;9996;2;9995;28;;;10004;2;10005;28;;;10000.0;0.0
1;11300;AMETHYSTS;9996;2;9995;25;;;10002;2;10004;2;10005;25;9999.0;0.0
1;11300;STARFRUIT;5055;2;5054;25;;;5061;27;;;;;5058.0;0.0
1;11400;STARFRUIT;5054;30;;;;;5061;30;;;;;5057.5;0.0
1;11400;AMETHYSTS;9995;30;;;;;10005;30;;;;;10000.0;0.0
1;11500;STARFRUIT;5055;1;5054;28;;;5059;5;5061;29;;;5057.0;0.0
1;11500;AMETHYSTS;9996;1;9995;28;;;10004;1;10005;28;;;10000.0;0.0
1;11600;STARFRUIT;5055;24;;;;;5060;7;5061;2;5062;22;5057.5;0.0
1;11600;AMETHYSTS;9996;2;9995;22;;;10004;2;10005;22;;;10000.0;0.0
1;11700;AMETHYSTS;10000;4;9996;2;9995;20;10004;2;10005;20;;;10002.0;0.0
1;11700;STARFRUIT;5057;4;5054;22;;;5061;22;;;;;5059.0;0.0
1;11800;STARFRUIT;5055;5;5054;21;;;5056;4;5061;22;;;5055.5;0.0
1;11800;AMETHYSTS;9998;10;9996;1;9995;21;10004;1;10005;21;;;10001.0;0.0
1;11900;STARFRUIT;5057;4;5054;23;;;5061;23;;;;;5059.0;0.0
1;11900;AMETHYSTS;10002;1;10000;4;9998;1;10004;1;10005;22;;;10003.0;0.0
1;12000;STARFRUIT;5054;28;;;;;5060;1;5061;27;;;5057.0;0.0
1;12000;AMETHYSTS;9996;1;9995;27;;;10004;1;10005;27;;;10000.0;0.0
1;12100;AMETHYSTS;9996;2;9995;23;;;9998;8;10004;2;10005;23;9997.0;0.0
1;12100;STARFRUIT;5054;2;5053;23;;;5060;2;5061;23;;;5057.0;0.0
1;12200;STARFRUIT;5054;25;;;;;5061;25;;;;;5057.5;0.0
1;12200;AMETHYSTS;9996;2;9995;23;;;10004;2;10005;23;;;10000.0;0.0
1;12300;STARFRUIT;5055;4;5054;25;;;5061;25;;;;;5058.0;0.0
1;12300;AMETHYSTS;9996;1;9995;24;;;10002;3;10004;1;10005;24;9999.0;0.0
1;12400;STARFRUIT;5054;29;;;;;5061;29;;;;;5057.5;0.0
1;12400;AMETHYSTS;10002;1;9998;5;9995;29;10005;29;;;;;10003.5;0.0
1;12500;AMETHYSTS;10000;3;9996;1;9995;22;10004;1;10005;22;;;10002.0;0.0
1;12500;STARFRUIT;5056;3;5054;1;5053;22;5060;1;5061;22;;;5058.0;0.0
1;12600;STARFRUIT;5056;4;5053;26;;;5060;26;;;;;5058.0;0.0
1;12600;AMETHYSTS;10000;4;9995;26;;;10005;26;;;;;10002.5;0.0
1;12700;STARFRUIT;5054;1;5053;27;;;5060;28;;;;;5057.0;0.0
1;12700;AMETHYSTS;10002;1;9996;1;9995;27;10004;1;10005;27;;;10003.0;0.0
1;12800;STARFRUIT;5057;4;5054;30;;;5060;2;5061;28;;;5058.5;0.0
1;12800;AMETHYSTS;10000;4;9996;2;9995;28;10002;9;10004;2;10005;28;10001.0;0.0
1;12900;AMETHYSTS;9996;2;9995;21;;;10002;4;10004;2;10005;21;9999.0;0.0
1;12900;STARFRUIT;5054;23;;;;;5059;2;5061;23;;;5056.5;0.0
1;13000;STARFRUIT;5054;32;;;;;5061;32;;;;;5057.5;0.0
1;13000;AMETHYSTS;9996;2;9995;30;;;10002;2;10004;2;10005;30;9999.0;0.0
1;13100;STARFRUIT;5054;21;;;;;5057;2;5061;21;;;5055.5;0.0
1;13100;AMETHYSTS;9995;21;;;;;10000;2;10005;21;;;9997.5;0.0
1;13200;STARFRUIT;5059;1;5055;7;5054;31;5060;2;5061;29;;;5059.5;0.0
1;13200;AMETHYSTS;9998;9;9996;2;9995;29;10004;2;10005;29;;;10001.0;0.0
1;13300;AMETHYSTS;10002;2;9996;1;9995;22;10004;1;10005;22;;;10003.0;0.0
1;13300;STARFRUIT;5054;1;5053;22;;;5060;1;5061;22;;;5057.0;0.0
1;13400;STARFRUIT;5053;26;;;;;5060;26;;;;;5056.5;0.0
1;13400;AMETHYSTS;9995;26;;;;;10005;26;;;;;10000.0;0.0
1;13500;STARFRUIT;5053;25;;;;;5060;25;;;;;5056.5;0.0
1;13500;AMETHYSTS;9996;1;9995;24;;;10004;1;10005;24;;;10000.0;0.0
1;13600;STARFRUIT;5052;26;;;;;5057;3;5059;26;;;5054.5;0.0
1;13600;AMETHYSTS;9996;2;9995;24;;;10002;6;10004;2;10005;24;9999.0;0.0
1;13700;AMETHYSTS;10002;1;9995;28;;;10005;28;;;;;10003.5;0.0
1;13700;STARFRUIT;5052;28;;;;;5059;28;;;;;5055.5;0.0
1;13800;STARFRUIT;5052;23;;;;;5059;23;;;;;5055.5;0.0
1;13800;AMETHYSTS;9998;1;9995;23;;;10005;23;;;;;10001.5;0.0
1;13900;STARFRUIT;5053;21;;;;;5054;3;5059;1;5060;20;5053.5;0.0
1;13900;AMETHYSTS;9996;1;9995;20;;;10004;1;10005;20;;;10000.0;0.0
1;14000;STARFRUIT;5054;2;5053;29;;;5059;1;5060;28;;;5056.5;0.0
1;14000;AMETHYSTS;10002;6;9998;1;9996;1;10004;1;10005;28;;;10003.0;0.0
1;14100;AMETHYSTS;9996;2;9995;20;;;10002;4;10004;2;10005;20;9999.0;0.0
1;14100;STARFRUIT;5053;22;;;;;5060;22;;;;;5056.5;0.0
1;14200;STARFRUIT;5053;21;;;;;5060;21;;;;;5056.5;0.0
1;14200;AMETHYSTS;9995;21;;;;;10005;21;;;;;10000.0;0.0
1;14300;STARFRUIT;5054;22;;;;;5061;22;;;;;5057.5;0.0
1;14300;AMETHYSTS;9996;1;9995;21;;;10004;1;10005;21;;;10000.0;0.0
1;14400;AMETHYSTS;10002;4;9996;2;9995;21;10004;2;10005;21;;;10003.0;0.0
1;14400;STARFRUIT;5055;1;5054;21;;;5061;23;;;;;5058.0;0.0
1;14500;STARFRUIT;5055;1;5054;28;;;5059;6;5061;29;;;5057.0;0.0
1;14500;AMETHYSTS;9996;1;9995;28;;;10002;10;10004;1;10005;28;9999.0;0.0
1;14600;STARFRUIT;5055;28;;;;;5057;3;5062;28;;;5056.0;0.0
1;14600;AMETHYSTS;9996;1;9995;27;;;10004;1;10005;27;;;10000.0;0.0
1;14700;STARFRUIT;5055;1;5054;23;;;5059;2;5061;24;;;5057.0;0.0
1;14700;AMETHYSTS;9996;1;9995;23;;;10004;1;10005;23;;;10000.0;0.0
1;14800;AMETHYSTS;9996;1;9995;30;;;9998;1;10004;1;10005;30;9997.0;0.0
1;14800;STARFRUIT;5054;31;;;;;5059;3;5061;31;;;5056.5;0.0
1;14900;STARFRUIT;5059;4;5055;26;;;5061;1;5062;25;;;5060.0;0.0
1;14900;AMETHYSTS;9996;1;9995;25;;;10002;1;10004;1;10005;25;9999.0;0.0
1;15000;STARFRUIT;5056;4;5055;27;;;5061;2;5062;25;;;5058.5;0.0
1;15000;AMETHYSTS;9996;2;9995;25;;;10004;2;10005;25;;;10000.0;0.0
1;15100;STARFRUIT;5054;21;;;;;5061;21;;;;;5057.5;0.0
1;15100;AMETHYSTS;9996;1;9995;20;;;9998;1;10004;1;10005;20;9997.0;0.0
1;15200;AMETHYSTS;10000;4;9996;2;9995;21;10002;4;10004;2;10005;21;10001.0;0.0
1;15200;STARFRUIT;5057;4;5055;4;5054;23;5061;23;;;;;5059.0;0.0
1;15300;STARFRUIT;5055;2;5054;22;;;5059;6;5061;24;;;5057.0;0.0
1;15300;AMETHYSTS;9996;2;9995;22;;;10002;7;10004;2;10005;22;9999.0;0.0
1;15400;STARFRUIT;5054;30;;;;;5061;30;;;;;5057.5;0.0
1;15400;AMETHYSTS;9995;30;;;;;10005;30;;;;;10000.0;0.0
1;15500;STARFRUIT;5055;25;;;;;5062;25;;;;;5058.5;0.0
1;15500;AMETHYSTS;9995;25;;;;;9998;11;10005;25;;;9996.5;0.0
1;15600;AMETHYSTS;9996;1;9995;22;;;10004;1;10005;22;;;10000.0;0.0
1;15600;STARFRUIT;5055;23;;;;;5062;23;;;;;5058.5;0.0
1;15700;STARFRUIT;5056;2;5055;28;;;5061;1;5062;2;5063;28;5058.5;0.0
1;15700;AMETHYSTS;9996;2;9995;28;;;10004;2;10005;28;;;10000.0;0.0
1;15800;STARFRUIT;5057;4;5056;28;;;5062;2;5063;26;;;5059.5;0.0
1;15800;AMETHYSTS;9998;6;9996;2;9995;26;10004;2;10005;26;;;10001.0;0.0
1;15900;STARFRUIT;5055;21;;;;;5057;3;5062;21;;;5056.0;0.0
1;15900;AMETHYSTS;9996;1;9995;20;;;10002;8;10004;1;10005;20;9999.0;0.0
1;16000;AMETHYSTS;9996;2;9995;20;;;10004;2;10005;20;;;10000.0;0.0
1;16000;STARFRUIT;5056;2;5055;20;;;5061;4;5062;2;5063;20;5058.5;0.0
1;16100;STARFRUIT;5056;1;5055;26;;;5057;2;5061;8;5062;1;5056.5;0.0
1;16100;AMETHYSTS;9996;1;9995;26;;;10004;1;10005;26;;;10000.0;0.0
1;16200;STARFRUIT;5056;26;;;;;5063;27;;;;;5059.5;0.0
1;16200;AMETHYSTS;9995;27;;;;;10002;4;10005;27;;;9998.5;0.0
1;16300;STARFRUIT;5056;22;;;;;5062;1;5063;21;;;5059.0;0.0
1;16300;AMETHYSTS;9996;1;9995;21;;;10004;1;10005;21;;;10000.0;0.0
1;16400;AMETHYSTS;9996;2;9995;25;;;10002;6;10004;2;10005;25;9999.0;0.0
1;16400;STARFRUIT;5056;27;;;;;5061;7;5063;27;;;5058.5;0.0
1;16500;STARFRUIT;5055;22;;;;;5060;1;5062;22;;;5057.5;0.0
1;16500;AMETHYSTS;9995;22;;;;;10005;22;;;;;10000.0;0.0
1;16600;AMETHYSTS;9995;26;;;;;10005;26;;;;;10000.0;0.0
1;16600;STARFRUIT;5056;7;5055;26;;;5062;26;;;;;5059.0;0.0
1;16700;AMETHYSTS;10002;1;9998;2;9995;25;10005;25;;;;;10003.5;0.0
1;16700;STARFRUIT;5055;25;;;;;5062;25;;;;;5058.5;0.0
1;16800;AMETHYSTS;10000;2;9996;2;9995;25;10004;2;10005;25;;;10002.0;0.0
1;16800;STARFRUIT;5058;2;5055;27;;;5062;27;;;;;5060.0;0.0
1;16900;STARFRUIT;5055;24;;;;;5061;2;5062;22;;;5058.0;0.0
1;16900;AMETHYSTS;9996;2;9995;22;;;10004;2;10005;22;;;10000.0;0.0
1;17000;AMETHYSTS;9996;1;9995;25;;;10004;1;10005;25;;;10000.0;0.0
1;17000;STARFRUIT;5055;1;5054;26;;;5061;26;;;;;5058.0;0.0
1;17100;AMETHYSTS;9996;1;9995;26;;;10004;1;10005;26;;;10000.0;0.0
1;17100;STARFRUIT;5055;1;5054;26;;;5061;27;;;;;5058.0;0.0
1;17200;AMETHYSTS;9996;1;9995;27;;;10004;1;10005;27;;;10000.0;0.0
1;17200;STARFRUIT;5055;5;5054;28;;;5061;28;;;;;5058.0;0.0
1;17300;STARFRUIT;5054;28;;;;;5059;6;5061;28;;;5056.5;0.0
1;17300;AMETHYSTS;9996;1;9995;27;;;10004;1;10005;27;;;10000.0;0.0
1;17400;AMETHYSTS;9995;25;;;;;9998;11;10005;25;;;9996.5;0.0
1;17400;STARFRUIT;5058;3;5055;2;5054;25;5061;25;;;;;5059.5;0.0
1;17500;AMETHYSTS;9996;2;9995;26;;;10004;2;10005;26;;;10000.0;0.0
1;17500;STARFRUIT;5054;28;;;;;5061;28;;;;;5057.5;0.0
1;17600;AMETHYSTS;9996;1;9995;29;;;10004;1;10005;29;;;10000.0;0.0
1;17600;STARFRUIT;5054;4;5053;29;;;5060;30;;;;;5057.0;0.0
1;17700;STARFRUIT;5053;22;;;;;5060;22;;;;;5056.5;0.0
1;17700;AMETHYSTS;9998;2;9995;22;;;10005;22;;;;;10001.5;0.0
1;17800;AMETHYSTS;9996;2;9995;30;;;9998;3;10002;5;10004;2;9997.0;0.0
1;17800;STARFRUIT;5053;2;5052;30;;;5057;5;5059;32;;;5055.0;0.0
1;17900;AMETHYSTS;9995;21;;;;;9998;1;10002;3;10005;21;9996.5;0.0
1;17900;STARFRUIT;5058;1;5055;2;5052;21;5059;21;;;;;5058.5;0.0
1;18000;AMETHYSTS;9995;24;;;;;10005;24;;;;;10000.0;0.0
1;18000;STARFRUIT;5052;24;;;;;5059;24;;;;;5055.5;0.0
1;18100;STARFRUIT;5052;30;;;;;5059;30;;;;;5055.5;0.0
1;18100;AMETHYSTS;9996;2;9995;28;;;10004;2;10005;28;;;10000.0;0.0
1;18200;AMETHYSTS;9996;2;9995;23;;;10002;10;10004;2;10005;23;9999.0;0.0
1;18200;STARFRUIT;5052;2;5051;23;;;5058;2;5059;23;;;5055.0;0.0
1;18300;AMETHYSTS;9995;20;;;;;10005;20;;;;;10000.0;0.0
1;18300;STARFRUIT;5051;20;;;;;5058;20;;;;;5054.5;0.0
1;18400;AMETHYSTS;9996;1;9995;21;;;10004;1;10005;21;;;10000.0;0.0
1;18400;STARFRUIT;5058;1;5052;22;;;5059;22;;;;;5058.5;0.0
1;18500;STARFRUIT;5053;2;5052;21;;;5054;1;5059;23;;;5053.5;0.0
1;18500;AMETHYSTS;9996;2;9995;21;;;10004;2;10005;21;;;10000.0;0.0
1;18600;AMETHYSTS;9996;1;9995;21;;;10004;1;10005;21;;;10000.0;0.0
1;18600;STARFRUIT;5052;21;;;;;5053;8;5059;22;;;5052.5;0.0
1;18700;AMETHYSTS;10002;1;9995;30;;;10005;30;;;;;10003.5;0.0
1;18700;STARFRUIT;5052;30;;;;;5059;30;;;;;5055.5;0.0
1;18800;STARFRUIT;5052;24;;;;;5059;24;;;;;5055.5;0.0
1;18800;AMETHYSTS;9995;24;;;;;10002;7;10005;24;;;9998.5;0.0
1;18900;STARFRUIT;5053;7;5052;25;;;5059;25;;;;;5056.0;0.0
1;18900;AMETHYSTS;10002;1;9995;25;;;10005;25;;;;;10003.5;0.0
1;19000;STARFRUIT;5052;31;;;;;5058;1;5059;30;;;5055.0;0.0
1;19000;AMETHYSTS;9996;1;9995;30;;;10004;1;10005;30;;;10000.0;0.0
1;19100;AMETHYSTS;9996;2;9995;21;;;10004;2;10005;21;;;10000.0;0.0
1;19100;STARFRUIT;5052;23;;;;;5059;23;;;;;5055.5;0.0
1;19200;STARFRUIT;5052;26;;;;;5059;26;;;;;5055.5;0.0
1;19200;AMETHYSTS;9995;26;;;;;10002;1;10005;26;;;9998.5;0.0
1;19300;STARFRUIT;5052;25;;;;;5059;25;;;;;5055.5;0.0
1;19300;AMETHYSTS;9996;2;9995;23;;;9998;6;10004;2;10005;23;9997.0;0.0
1;19400;STARFRUIT;5053;26;;;;;5059;2;5060;24;;;5056.0;0.0
1;19400;AMETHYSTS;9996;2;9995;24;;;10002;5;10004;2;10005;24;9999.0;0.0
1;19500;AMETHYSTS;9995;23;;;;;10005;23;;;;;10000.0;0.0
1;19500;STARFRUIT;5053;23;;;;;5060;23;;;;;5056.5;0.0
1;19600;STARFRUIT;5053;27;;;;;5060;27;;;;;5056.5;0.0
1;19600;AMETHYSTS;10002;1;9998;5;9996;1;10004;1;10005;26;;;10003.0;0.0
1;19700;STARFRUIT;5054;31;;;;;5061;31;;;;;5057.5;0.0
1;19700;AMETHYSTS;9996;2;9995;29;;;10004;2;10005;29;;;10000.0;0.0
1;19800;STARFRUIT;5054;28;;;;;5061;28;;;;;5057.5;0.0
1;19800;AMETHYSTS;9996;2;9995;26;;;10004;2;10005;26;;;10000.0;0.0
1;19900;AMETHYSTS;9996;1;9995;22;;;9998;1;10004;1;10005;22;9997.0;0.0
1;19900;STARFRUIT;5054;1;5053;22;;;5060;1;5061;22;;;5057.0;0.0
1;20000;STARFRUIT;5053;26;;;;;5059;4;5061;26;;;5056.0;0.0
1;20000;AMETHYSTS;9995;26;;;;;9998;1;10005;26;;;9996.5;0.0
1;20100;STARFRUIT;5054;30;;;;;5059;4;5061;30;;;5056.5;0.0
1;20100;AMETHYSTS;9996;1;9995;29;;;9998;4;10004;1;10005;29;9997.0;0.0
1;20200;STARFRUIT;5054;20;;;;;5061;20;;;;;5057.5;0.0
1;20200;AMETHYSTS;10002;1;9995;20;;;10005;20;;;;;10003.5;0.0
1;20300;AMETHYSTS;10002;4;9995;24;;;10005;24;;;;;10003.5;0.0
1;20300;STARFRUIT;5055;24;;;;;5062;24;;;;;5058.5;0.0
1;20400;STARFRUIT;5055;28;;;;;5057;3;5062;28;;;5056.0;0.0
1;20400;AMETHYSTS;10002;2;9996;1;9995;27;10004;1;10005;27;;;10003.0;0.0
1;20500;STARFRUIT;5055;25;;;;;5056;7;5062;26;;;5055.5;0.0
1;20500;AMETHYSTS;9998;7;9996;1;9995;25;10004;1;10005;25;;;10001.0;0.0
1;20600;STARFRUIT;5056;1;5055;24;;;5062;25;;;;;5059.0;0.0
1;20600;AMETHYSTS;9996;1;9995;24;;;9998;4;10002;5;10004;1;9997.0;0.0
1;20700;AMETHYSTS;9995;30;;;;;10005;30;;;;;10000.0;0.0
1;20700;STARFRUIT;5060;2;5056;3;5055;30;5062;30;;;;;5061.0;0.0
1;20800;STARFRUIT;5055;26;;;;;5062;26;;;;;5058.5;0.0
1;20800;AMETHYSTS;9996;2;9995;24;;;10004;2;10005;24;;;10000.0;0.0
1;20900;STARFRUIT;5055;30;;;;;5062;31;;;;;5058.5;0.0
1;20900;AMETHYSTS;9996;2;9995;29;;;10004;2;10005;29;;;10000.0;0.0
1;21000;STARFRUIT;5055;26;;;;;5061;1;5062;25;;;5058.0;0.0
1;21000;AMETHYSTS;9996;1;9995;25;;;10004;1;10005;25;;;10000.0;0.0
1;21100;AMETHYSTS;9995;28;;;;;10000;2;10005;28;;;9997.5;0.0
1;21100;STARFRUIT;5054;28;;;;;5057;2;5061;28;;;5055.5;0.0
1;21200;STARFRUIT;5060;1;5055;29;;;5062;29;;;;;5061.0;0.0
1;21200;AMETHYSTS;9995;29;;;;;9998;1;10005;29;;;9996.5;0.0
1;21300;STARFRUIT;5054;22;;;;;5060;2;5062;22;;;5057.0;0.0
1;21300;AMETHYSTS;9995;22;;;;;10005;22;;;;;10000.0;0.0
1;21400;STARFRUIT;5055;30;;;;;5061;1;5062;29;;;5058.0;0.0
1;21400;AMETHYSTS;9996;1;9995;29;;;10004;1;10005;29;;;10000.0;0.0
1;21500;AMETHYSTS;9996;2;9995;28;;;10004;2;10005;28;;;10000.0;0.0
1;21500;STARFRUIT;5055;28;;;;;5056;5;5062;30;;;5055.5;0.0
1;21600;STARFRUIT;5056;2;5055;20;;;5062;22;;;;;5059.0;0.0
1;21600;AMETHYSTS;9998;5;9996;2;9995;20;10004;2;10005;20;;;10001.0;0.0
1;21700;STARFRUIT;5057;4;5056;27;;;5062;2;5063;25;;;5059.5;0.0
1;21700;AMETHYSTS;9996;2;9995;25;;;10004;2;10005;25;;;10000.0;0.0
1;21800;STARFRUIT;5056;26;;;;;5062;1;5063;25;;;5059.0;0.0
1;21800;AMETHYSTS;9996;1;9995;25;;;10004;1;10005;25;;;10000.0;0.0
1;21900;AMETHYSTS;9995;27;;;;;10002;3;10005;27;;;9998.5;0.0
1;21900;STARFRUIT;5056;27;;;;;5063;27;;;;;5059.5;0.0
1;22000;STARFRUIT;5057;2;5056;20;;;5063;22;;;;;5060.0;0.0
1;22000;AMETHYSTS;9996;2;9995;20;;;10004;2;10005;20;;;10000.0;0.0
1;22100;STARFRUIT;5056;22;;;;;5061;4;5063;22;;;5058.5;0.0
1;22100;AMETHYSTS;9995;22;;;;;10005;22;;;;;10000.0;0.0
1;22200;STARFRUIT;5057;3;5056;23;;;5063;23;;;;;5060.0;0.0
1;22200;AMETHYSTS;10002;1;9995;23;;;10005;23;;;;;10003.5;0.0
1;22300;AMETHYSTS;9996;2;9995;28;;;10004;2;10005;28;;;10000.0;0.0
1;22300;STARFRUIT;5057;30;;;;;5064;30;;;;;5060.5;0.0
1;22400;STARFRUIT;5057;24;;;;;5064;24;;;;;5060.5;0.0
1;22400;AMETHYSTS;9996;1;9995;23;;;10002;2;10004;1;10005;23;9999.0;0.0
1;22500;STARFRUIT;5062;1;5057;27;;;5064;27;;;;;5063.0;0.0
1;22500;AMETHYSTS;9998;2;9995;27;;;10005;27;;;;;10001.5;0.0
1;22600;STARFRUIT;5063;1;5062;4;5058;4;5064;26;;;;;5063.5;0.0
1;22600;AMETHYSTS;9998;5;9996;1;9995;25;10004;1;10005;25;;;10001.0;0.0
1;22700;AMETHYSTS;9996;1;9995;25;;;10002;9;10004;1;10005;25;9999.0;0.0
1;22700;STARFRUIT;5058;1;5057;25;;;5064;26;;;;;5061.0;0.0
1;22800;STARFRUIT;5058;27;;;;;5065;27;;;;;5061.5;0.0
1;22800;AMETHYSTS;10002;1;9996;1;9995;26;10004;1;10005;26;;;10003.0;0.0
1;22900;STARFRUIT;5057;22;;;;;5062;4;5064;23;;;5059.5;0.0
1;22900;AMETHYSTS;10002;2;9996;1;9995;22;10004;1;10005;22;;;10003.0;0.0
1;23000;STARFRUIT;5064;1;5058;21;;;5065;21;;;;;5064.5;0.0
1;23000;AMETHYSTS;9996;1;9995;20;;;10002;2;10004;1;10005;20;9999.0;0.0
1;23100;STARFRUIT;5059;7;5058;28;;;5064;2;5065;26;;;5061.5;0.0
1;23100;AMETHYSTS;9996;2;9995;26;;;10004;2;10005;26;;;10000.0;0.0
1;23200;STARFRUIT;5059;1;5058;25;;;5065;25;;;;;5062.0;0.0
1;23200;AMETHYSTS;9996;1;9995;24;;;10002;4;10004;1;10005;24;9999.0;0.0
1;23300;STARFRUIT;5059;2;5058;21;;;5065;23;;;;;5062.0;0.0
1;23300;AMETHYSTS;9996;2;9995;21;;;10004;2;10005;21;;;10000.0;0.0
1;23400;AMETHYSTS;9996;1;9995;29;;;10004;1;10005;29;;;10000.0;0.0
1;23400;STARFRUIT;5059;1;5058;29;;;5065;1;5066;29;;;5062.0;0.0
1;23500;STARFRUIT;5060;3;5059;31;;;5066;31;;;;;5063.0;0.0
1;23500;AMETHYSTS;9996;1;9995;30;;;10004;1;10005;30;;;10000.0;0.0
1;23600;STARFRUIT;5059;26;;;;;5066;27;;;;;5062.5;0.0
1;23600;AMETHYSTS;9996;2;9995;25;;;10004;2;10005;25;;;10000.0;0.0
1;23700;STARFRUIT;5064;1;5059;21;;;5065;1;5066;20;;;5064.5;0.0
1;23700;AMETHYSTS;9996;1;9995;20;;;10004;1;10005;20;;;10000.0;0.0
1;23800;AMETHYSTS;9995;22;;;;;10005;22;;;;;10000.0;0.0
1;23800;STARFRUIT;5059;22;;;;;5066;22;;;;;5062.5;0.0
1;23900;STARFRUIT;5059;27;;;;;5066;27;;;;;5062.5;0.0
1;23900;AMETHYSTS;9995;27;;;;;10005;27;;;;;10000.0;0.0
1;24000;STARFRUIT;5060;6;5059;29;;;5066;29;;;;;5063.0;0.0
1;24000;AMETHYSTS;9995;29;;;;;10005;29;;;;;10000.0;0.0
1;24100;STARFRUIT;5059;22;;;;;5065;2;5066;20;;;5062.0;0.0
1;24100;AMETHYSTS;9996;2;9995;20;;;10004;2;10005;20;;;10000.0;0.0
1;24200;AMETHYSTS;9996;1;9995;23;;;10002;7;10004;1;10005;23;9999.0;0.0
1;24200;STARFRUIT;5059;24;;;;;5064;8;5065;1;5066;23;5061.5;0.0
1;24300;STARFRUIT;5059;27;;;;;5060;1;5064;5;5066;27;5059.5;0.0
1;24300;AMETHYSTS;10002;1;9995;27;;;10005;27;;;;;10003.5;0.0
1;24400;STARFRUIT;5060;8;5059;29;;;5066;29;;;;;5063.0;0.0
1;24400;AMETHYSTS;9996;1;9995;28;;;10004;1;10005;28;;;10000.0;0.0
1;24500;STARFRUIT;5059;2;5058;24;;;5065;26;;;;;5062.0;0.0
1;24500;AMETHYSTS;9996;2;9995;24;;;10002;10;10004;2;10005;24;9999.0;0.0
1;24600;AMETHYSTS;9996;2;9995;22;;;10002;10;10004;2;10005;22;9999.0;0.0
1;24600;STARFRUIT;5058;24;;;;;5065;24;;;;;5061.5;0.0
1;24700;STARFRUIT;5058;22;;;;;5065;22;;;;;5061.5;0.0
1;24700;AMETHYSTS;9996;2;9995;20;;;10004;2;10005;20;;;10000.0;0.0
1;24800;STARFRUIT;5058;28;;;;;5065;28;;;;;5061.5;0.0
1;24800;AMETHYSTS;9995;28;;;;;10005;28;;;;;10000.0;0.0
1;24900;STARFRUIT;5059;24;;;;;5066;24;;;;;5062.5;0.0
1;24900;AMETHYSTS;9998;7;9995;24;;;10005;24;;;;;10001.5;0.0
1;25000;AMETHYSTS;10002;1;9996;1;9995;27;10004;1;10005;27;;;10003.0;0.0
1;25000;STARFRUIT;5059;1;5058;27;;;5065;28;;;;;5062.0;0.0
1;25100;STARFRUIT;5058;27;;;;;5065;27;;;;;5061.5;0.0
1;25100;AMETHYSTS;9998;8;9996;1;9995;26;10004;1;10005;26;;;10001.0;0.0
1;25200;AMETHYSTS;9996;2;9995;24;;;10000;4;10004;2;10005;24;9998.0;0.0
1;25200;STARFRUIT;5060;6;5059;26;;;5062;4;5066;26;;;5061.0;0.0
1;25300;AMETHYSTS;9998;9;9996;1;9995;21;10004;1;10005;21;;;10001.0;0.0
1;25300;STARFRUIT;5059;1;5058;21;;;5065;22;;;;;5062.0;0.0
1;25400;AMETHYSTS;10002;3;9996;2;9995;27;10004;2;10005;27;;;10003.0;0.0
1;25400;STARFRUIT;5059;29;;;;;5066;29;;;;;5062.5;0.0
1;25500;STARFRUIT;5059;1;5058;23;;;5064;6;5065;1;5066;23;5061.5;0.0
1;25500;AMETHYSTS;9996;1;9995;23;;;10004;1;10005;23;;;10000.0;0.0
1;25600;AMETHYSTS;9995;24;;;;;10005;24;;;;;10000.0;0.0
1;25600;STARFRUIT;5059;24;;;;;5064;6;5066;24;;;5061.5;0.0
1;25700;AMETHYSTS;9996;1;9995;24;;;10004;1;10005;24;;;10000.0;0.0
1;25700;STARFRUIT;5059;1;5058;24;;;5065;25;;;;;5062.0;0.0
1;25800;AMETHYSTS;10002;1;9996;2;9995;27;10004;2;10005;27;;;10003.0;0.0
1;25800;STARFRUIT;5059;29;;;;;5066;29;;;;;5062.5;0.0
1;25900;STARFRUIT;5059;29;;;;;5065;2;5066;27;;;5062.0;0.0
1;25900;AMETHYSTS;9996;2;9995;27;;;10004;2;10005;27;;;10000.0;0.0
1;26000;AMETHYSTS;9995;27;;;;;10005;27;;;;;10000.0;0.0
1;26000;STARFRUIT;5065;1;5059;27;;;5066;27;;;;;5065.5;0.0
1;26100;AMETHYSTS;10002;1;9998;3;9996;1;10004;1;10005;24;;;10003.0;0.0
1;26100;STARFRUIT;5065;1;5061;2;5060;25;5066;1;5067;24;;;5065.5;0.0
1;26200;AMETHYSTS;10002;1;9996;2;9995;27;10004;2;10005;27;;;10003.0;0.0
1;26200;STARFRUIT;5059;29;;;;;5066;29;;;;;5062.5;0.0
1;26300;STARFRUIT;5059;25;;;;;5066;26;;;;;5062.5;0.0
1;26300;AMETHYSTS;9996;1;9995;25;;;10002;1;10004;1;10005;25;9999.0;0.0
1;26400;AMETHYSTS;9995;27;;;;;10005;27;;;;;10000.0;0.0
1;26400;STARFRUIT;5059;27;;;;;5066;27;;;;;5062.5;0.0
1;26500;AMETHYSTS;9996;1;9995;21;;;10004;1;10005;21;;;10000.0;0.0
1;26500;STARFRUIT;5059;22;;;;;5065;1;5066;21;;;5062.0;0.0
1;26600;AMETHYSTS;9996;2;9995;29;;;9998;4;10004;2;10005;29;9997.0;0.0
1;26600;STARFRUIT;5058;31;;;;;5065;31;;;;;5061.5;0.0
1;26700;STARFRUIT;5064;1;5059;8;5058;26;5066;26;;;;;5065.0;0.0
1;26700;AMETHYSTS;9995;26;;;;;10005;26;;;;;10000.0;0.0
1;26800;AMETHYSTS;10002;1;9998;7;9995;20;10005;20;;;;;10003.5;0.0
1;26800;STARFRUIT;5059;20;;;;;5066;20;;;;;5062.5;0.0
1;26900;AMETHYSTS;9995;22;;;;;10005;22;;;;;10000.0;0.0
1;26900;STARFRUIT;5058;22;;;;;5065;22;;;;;5061.5;0.0
1;27000;AMETHYSTS;9998;2;9996;1;9995;26;10004;1;10005;26;;;10001.0;0.0
1;27000;STARFRUIT;5059;27;;;;;5064;6;5066;27;;;5061.5;0.0
1;27100;STARFRUIT;5065;1;5059;29;;;5066;29;;;;;5065.5;0.0
1;27100;AMETHYSTS;9996;2;9995;27;;;9998;1;10002;10;10004;2;9997.0;0.0
1;27200;AMETHYSTS;9998;3;9996;2;9995;23;10004;2;10005;23;;;10001.0;0.0
1;27200;STARFRUIT;5063;1;5059;7;5058;25;5065;25;;;;;5064.0;0.0
1;27300;AMETHYSTS;9995;25;;;;;10002;8;10005;25;;;9998.5;0.0
1;27300;STARFRUIT;5057;25;;;;;5058;1;5064;25;;;5057.5;0.0
1;27400;AMETHYSTS;9996;1;9995;22;;;9998;3;10004;1;10005;22;9997.0;0.0
1;27400;STARFRUIT;5061;6;5058;23;;;5064;1;5065;22;;;5062.5;0.0
1;27500;STARFRUIT;5058;30;;;;;5065;30;;;;;5061.5;0.0
1;27500;AMETHYSTS;9995;30;;;;;10005;30;;;;;10000.0;0.0
1;27600;STARFRUIT;5063;1;5058;8;5057;26;5064;28;;;;;5063.5;0.0
1;27600;AMETHYSTS;9996;2;9995;26;;;10002;4;10004;2;10005;26;9999.0;0.0
1;27700;AMETHYSTS;9996;2;9995;30;;;10004;2;10005;30;;;10000.0;0.0
1;27700;STARFRUIT;5057;32;;;;;5064;32;;;;;5060.5;0.0
1;27800;STARFRUIT;5057;5;5056;22;;;5063;22;;;;;5060.0;0.0
1;27800;AMETHYSTS;9998;2;9996;2;9995;20;10004;2;10005;20;;;10001.0;0.0
1;27900;STARFRUIT;5056;29;;;;;5061;8;5063;29;;;5058.5;0.0
1;27900;AMETHYSTS;9995;29;;;;;10005;29;;;;;10000.0;0.0
1;28000;STARFRUIT;5056;4;5055;22;;;5063;22;;;;;5059.5;0.0
1;28000;AMETHYSTS;9995;22;;;;;10005;22;;;;;10000.0;0.0
1;28100;AMETHYSTS;9996;1;9995;20;;;10004;1;10005;20;;;10000.0;0.0
1;28100;STARFRUIT;5056;21;;;;;5062;1;5063;20;;;5059.0;0.0
1;28200;STARFRUIT;5056;23;;;;;5063;23;;;;;5059.5;0.0
1;28200;AMETHYSTS;9995;23;;;;;10005;23;;;;;10000.0;0.0
1;28300;STARFRUIT;5056;30;;;;;5063;30;;;;;5059.5;0.0
1;28300;AMETHYSTS;9996;2;9995;28;;;10004;2;10005;28;;;10000.0;0.0
1;28400;STARFRUIT;5056;20;;;;;5063;20;;;;;5059.5;0.0
1;28400;AMETHYSTS;9995;20;;;;;10002;8;10005;20;;;9998.5;0.0
1;28500;AMETHYSTS;9996;2;9995;28;;;10004;2;10005;28;;;10000.0;0.0
1;28500;STARFRUIT;5056;5;5055;28;;;5062;30;;;;;5059.0;0.0
1;28600;STARFRUIT;5055;27;;;;;5058;5;5062;28;;;5056.5;0.0
1;28600;AMETHYSTS;9996;2;9995;26;;;10000;5;10002;5;10004;2;9998.0;0.0
1;28700;STARFRUIT;5055;24;;;;;5056;1;5062;24;;;5055.5;0.0
1;28700;AMETHYSTS;9998;8;9996;2;9995;22;10004;2;10005;22;;;10001.0;0.0
1;28800;STARFRUIT;5055;21;;;;;5062;21;;;;;5058.5;0.0
1;28800;AMETHYSTS;9995;21;;;;;10002;8;10005;21;;;9998.5;0.0
1;28900;AMETHYSTS;9996;1;9995;22;;;10002;5;10004;1;10005;22;9999.0;0.0
1;28900;STARFRUIT;5056;1;5055;23;;;5062;23;;;;;5059.0;0.0
1;29000;STARFRUIT;5056;2;5055;24;;;5062;2;5063;24;;;5059.0;0.0
1;29000;AMETHYSTS;10002;1;9996;2;9995;24;10004;2;10005;24;;;10003.0;0.0
1;29100;STARFRUIT;5055;23;;;;;5062;23;;;;;5058.5;0.0
1;29100;AMETHYSTS;9995;23;;;;;10002;2;10005;23;;;9998.5;0.0
1;29200;STARFRUIT;5056;23;;;;;5062;1;5063;22;;;5059.0;0.0
1;29200;AMETHYSTS;9996;1;9995;22;;;10004;1;10005;22;;;10000.0;0.0
1;29300;AMETHYSTS;9996;1;9995;22;;;10004;1;10005;22;;;10000.0;0.0
1;29300;STARFRUIT;5057;23;;;;;5063;1;5064;22;;;5060.0;0.0
1;29400;STARFRUIT;5057;2;5056;23;;;5063;25;;;;;5060.0;0.0
1;29400;AMETHYSTS;9996;2;9995;23;;;10002;4;10004;2;10005;23;9999.0;0.0
1;29500;STARFRUIT;5056;19;;;;;5063;20;;;;;5059.5;0.0
1;29500;AMETHYSTS;9998;6;9995;20;;;10005;20;;;;;10001.5;0.0
1;29600;STARFRUIT;5055;27;;;;;5058;4;5062;27;;;5056.5;0.0
1;29600;AMETHYSTS;9996;1;9995;26;;;10000;4;10004;1;10005;26;9998.0;0.0
1;29700;AMETHYSTS;9996;1;9995;22;;;10002;7;10004;1;10005;22;9999.0;0.0
1;29700;STARFRUIT;5055;23;;;;;5060;8;5062;23;;;5057.5;0.0
1;29800;STARFRUIT;5061;1;5056;4;5055;25;5062;25;;;;;5061.5;0.0
1;29800;AMETHYSTS;9995;25;;;;;10005;25;;;;;10000.0;0.0
1;29900;STARFRUIT;5056;2;5055;30;;;5062;32;;;;;5059.0;0.0
1;29900;AMETHYSTS;9996;2;9995;30;;;10004;2;10005;30;;;10000.0;0.0
1;30000;STARFRUIT;5057;4;5056;25;;;5063;25;;;;;5060.0;0.0
1;30000;AMETHYSTS;9998;10;9996;2;9995;23;10004;2;10005;23;;;10001.0;0.0
1;30100;AMETHYSTS;9996;1;9995;20;;;10004;1;10005;20;;;10000.0;0.0
1;30100;STARFRUIT;5056;21;;;;;5063;21;;;;;5059.5;0.0
1;30200;STARFRUIT;5057;2;5056;28;;;5063;2;5064;28;;;5060.0;0.0
1;30200;AMETHYSTS;9996;2;9995;28;;;9998;1;10002;8;10004;2;9997.0;0.0
1;30300;STARFRUIT;5057;31;;;;;5062;1;5064;31;;;5059.5;0.0
1;30300;AMETHYSTS;10002;4;9996;2;9995;29;10004;2;10005;29;;;10003.0;0.0
1;30400;STARFRUIT;5061;5;5057;30;;;5062;3;5064;30;;;5061.5;0.0
1;30400;AMETHYSTS;9995;30;;;;;10005;30;;;;;10000.0;0.0
1;30500;AMETHYSTS;9996;2;9995;28;;;10004;2;10005;28;;;10000.0;0.0
1;30500;STARFRUIT;5058;5;5057;30;;;5064;30;;;;;5061.0;0.0
1;30600;STARFRUIT;5057;32;;;;;5062;7;5064;32;;;5059.5;0.0
1;30600;AMETHYSTS;10002;1;9996;2;9995;30;10004;2;10005;30;;;10003.0;0.0
1;30700;STARFRUIT;5057;29;;;;;5064;29;;;;;5060.5;0.0
1;30700;AMETHYSTS;9996;2;9995;27;;;10004;2;10005;27;;;10000.0;0.0
1;30800;STARFRUIT;5057;31;;;;;5064;31;;;;;5060.5;0.0
1;30800;AMETHYSTS;9998;8;9996;2;9995;29;10004;2;10005;29;;;10001.0;0.0
1;30900;AMETHYSTS;9995;21;;;;;10005;21;;;;;10000.0;0.0
1;30900;STARFRUIT;5057;21;;;;;5062;7;5064;21;;;5059.5;0.0
1;31000;STARFRUIT;5064;1;5063;5;5058;28;5065;28;;;;;5064.5;0.0
1;31000;AMETHYSTS;9996;2;9995;26;;;10002;2;10004;2;10005;26;9999.0;0.0
1;31100;STARFRUIT;5058;23;;;;;5059;9;5065;23;;;5058.5;0.0
1;31100;AMETHYSTS;10002;1;9995;23;;;10005;23;;;;;10003.5;0.0
1;31200;STARFRUIT;5058;22;;;;;5059;1;5063;8;5065;22;5058.5;0.0
1;31200;AMETHYSTS;9996;1;9995;21;;;10002;6;10004;1;10005;21;9999.0;0.0
1;31300;AMETHYSTS;9996;2;9995;20;;;10004;2;10005;20;;;10000.0;0.0
1;31300;STARFRUIT;5059;2;5058;20;;;5065;2;5066;20;;;5062.0;0.0
1;31400;STARFRUIT;5058;22;;;;;5065;22;;;;;5061.5;0.0
1;31400;AMETHYSTS;9995;22;;;;;10005;22;;;;;10000.0;0.0
1;31500;STARFRUIT;5059;22;;;;;5065;1;5066;21;;;5062.0;0.0
1;31500;AMETHYSTS;9996;1;9995;21;;;10004;1;10005;21;;;10000.0;0.0
1;31600;STARFRUIT;5059;24;;;;;5066;24;;;;;5062.5;0.0
1;31600;AMETHYSTS;9995;24;;;;;9998;3;10005;24;;;9996.5;0.0
1;31700;AMETHYSTS;9995;29;;;;;10002;3;10005;29;;;9998.5;0.0
1;31700;STARFRUIT;5059;29;;;;;5066;29;;;;;5062.5;0.0
1;31800;STARFRUIT;5064;2;5059;24;;;5066;24;;;;;5065.0;0.0
1;31800;AMETHYSTS;9996;2;9995;22;;;10002;2;10004;2;10005;22;9999.0;0.0
1;31900;STARFRUIT;5060;6;5059;28;;;5066;28;;;;;5063.0;0.0
1;31900;AMETHYSTS;9996;2;9995;26;;;10004;2;10005;26;;;10000.0;0.0
1;32000;AMETHYSTS;9996;2;9995;20;;;10002;10;10004;2;10005;20;9999.0;0.0
1;32000;STARFRUIT;5059;22;;;;;5066;22;;;;;5062.5;0.0
1;32100;STARFRUIT;5059;25;;;;;5066;25;;;;;5062.5;0.0
1;32100;AMETHYSTS;9998;9;9995;25;;;10005;25;;;;;10001.5;0.0
1;32200;STARFRUIT;5059;25;;;;;5066;25;;;;;5062.5;0.0
1;32200;AMETHYSTS;9996;1;9995;24;;;10002;5;10004;1;10005;24;9999.0;0.0
1;32300;STARFRUIT;5062;3;5059;32;;;5066;32;;;;;5064.0;0.0
1;32300;AMETHYSTS;10000;3;9996;2;9995;30;10004;2;10005;30;;;10002.0;0.0
1;32400;AMETHYSTS;9998;2;9995;29;;;10005;29;;;;;10001.5;0.0
1;32400;STARFRUIT;5059;29;;;;;5066;29;;;;;5062.5;0.0
1;32500;STARFRUIT;5060;1;5059;26;;;5066;26;;;;;5063.0;0.0
1;32500;AMETHYSTS;10002;1;9996;2;9995;24;10004;2;10005;24;;;10003.0;0.0
1;32600;STARFRUIT;5059;28;;;;;5066;28;;;;;5062.5;0.0
1;32600;AMETHYSTS;9998;1;9996;2;9995;26;10004;2;10005;26;;;10001.0;0.0
1;32700;STARFRUIT;5059;32;;;;;5065;2;5066;30;;;5062.0;0.0
1;32700;AMETHYSTS;9996;2;9995;30;;;10004;2;10005;30;;;10000.0;0.0
1;32800;AMETHYSTS;9995;29;;;;;10005;29;;;;;10000.0;0.0
1;32800;STARFRUIT;5058;29;;;;;5065;29;;;;;5061.5;0.0
1;32900;STARFRUIT;5059;21;;;;;5066;21;;;;;5062.5;0.0
1;32900;AMETHYSTS;9996;1;9995;20;;;10002;10;10004;1;10005;20;9999.0;0.0
1;33000;STARFRUIT;5058;28;;;;;5063;4;5065;28;;;5060.5;0.0
1;33000;AMETHYSTS;9998;2;9995;28;;;10005;28;;;;;10001.5;0.0
1;33100;STARFRUIT;5059;1;5058;25;;;5065;26;;;;;5062.0;0.0
1;33100;AMETHYSTS;9996;1;9995;25;;;10004;1;10005;25;;;10000.0;0.0
1;33200;AMETHYSTS;9996;1;9995;23;;;10004;1;10005;23;;;10000.0;0.0
1;33200;STARFRUIT;5058;24;;;;;5063;5;5065;24;;;5060.5;0.0
1;33300;STARFRUIT;5058;31;;;;;5065;31;;;;;5061.5;0.0
1;33300;AMETHYSTS;9996;1;9995;30;;;10002;1;10004;1;10005;30;9999.0;0.0
1;33400;STARFRUIT;5059;20;;;;;5064;2;5066;20;;;5061.5;0.0
1;33400;AMETHYSTS;9995;20;;;;;10005;20;;;;;10000.0;0.0
1;33500;STARFRUIT;5059;23;;;;;5065;2;5066;21;;;5062.0;0.0
1;33500;AMETHYSTS;9996;2;9995;21;;;10002;4;10004;2;10005;21;9999.0;0.0
1;33600;AMETHYSTS;9995;27;;;;;9998;2;10005;27;;;9996.5;0.0
1;33600;STARFRUIT;5058;27;;;;;5065;27;;;;;5061.5;0.0
1;33700;STARFRUIT;5058;1;5057;25;;;5062;6;5064;26;;;5060.0;0.0
1;33700;AMETHYSTS;9996;1;9995;25;;;10004;1;10005;25;;;10000.0;0.0
1;33800;STARFRUIT;5058;21;;;;;5065;21;;;;;5061.5;0.0
1;33800;AMETHYSTS;9995;21;;;;;10002;4;10005;21;;;9998.5;0.0
1;33900;STARFRUIT;5058;1;5057;27;;;5064;28;;;;;5061.0;0.0
1;33900;AMETHYSTS;9996;1;9995;27;;;10004;1;10005;27;;;10000.0;0.0
1;34000;AMETHYSTS;9996;2;9995;28;;;10004;2;10005;28;;;10000.0;0.0
1;34000;STARFRUIT;5063;1;5058;2;5057;28;5064;30;;;;;5063.5;0.0
1;34100;STARFRUIT;5057;27;;;;;5064;27;;;;;5060.5;0.0
1;34100;AMETHYSTS;9996;2;9995;25;;;10004;2;10005;25;;;10000.0;0.0
1;34200;AMETHYSTS;9996;2;9995;30;;;10002;2;10004;2;10005;30;9999.0;0.0
1;34200;STARFRUIT;5057;32;;;;;5063;2;5064;30;;;5060.0;0.0
1;34300;AMETHYSTS;9996;1;9995;28;;;10004;1;10005;28;;;10000.0;0.0
1;34300;STARFRUIT;5057;29;;;;;5058;1;5064;29;;;5057.5;0.0
1;34400;AMETHYSTS;9996;2;9995;28;;;10004;2;10005;28;;;10000.0;0.0
1;34400;STARFRUIT;5058;30;;;;;5065;30;;;;;5061.5;0.0
1;34500;STARFRUIT;5058;24;;;;;5064;2;5065;22;;;5061.0;0.0
1;34500;AMETHYSTS;9996;2;9995;22;;;10004;2;10005;22;;;10000.0;0.0
1;34600;AMETHYSTS;9995;24;;;;;10005;24;;;;;10000.0;0.0
1;34600;STARFRUIT;5058;24;;;;;5065;24;;;;;5061.5;0.0
1;34700;AMETHYSTS;9996;2;9995;23;;;10004;2;10005;23;;;10000.0;0.0
1;34700;STARFRUIT;5058;7;5057;25;;;5064;25;;;;;5061.0;0.0
1;34800;AMETHYSTS;9998;3;9996;2;9995;22;10004;2;10005;22;;;10001.0;0.0
1;34800;STARFRUIT;5057;24;;;;;5058;10;5064;24;;;5057.5;0.0
1;34900;STARFRUIT;5056;24;;;;;5063;24;;;;;5059.5;0.0
1;34900;AMETHYSTS;9995;24;;;;;10005;24;;;;;10000.0;0.0
1;35000;AMETHYSTS;9995;29;;;;;10005;29;;;;;10000.0;0.0
1;35000;STARFRUIT;5056;29;;;;;5063;29;;;;;5059.5;0.0
1;35100;AMETHYSTS;9996;2;9995;21;;;10004;2;10005;21;;;10000.0;0.0
1;35100;STARFRUIT;5056;23;;;;;5063;23;;;;;5059.5;0.0
1;35200;AMETHYSTS;9995;24;;;;;10005;24;;;;;10000.0;0.0
1;35200;STARFRUIT;5056;24;;;;;5061;3;5063;24;;;5058.5;0.0
1;35300;STARFRUIT;5057;8;5056;23;;;5062;1;5063;22;;;5059.5;0.0
1;35300;AMETHYSTS;9998;8;9996;1;9995;22;10004;1;10005;22;;;10001.0;0.0
1;35400;AMETHYSTS;10002;1;9996;2;9995;25;10004;2;10005;25;;;10003.0;0.0
1;35400;STARFRUIT;5056;27;;;;;5062;2;5063;25;;;5059.0;0.0
1;35500;AMETHYSTS;9996;2;9995;27;;;10004;2;10005;27;;;10000.0;0.0
1;35500;STARFRUIT;5055;29;;;;;5062;29;;;;;5058.5;0.0
1;35600;AMETHYSTS;9996;1;9995;23;;;10002;3;10004;1;10005;23;9999.0;0.0
1;35600;STARFRUIT;5055;24;;;;;5061;1;5062;23;;;5058.0;0.0
1;35700;STARFRUIT;5055;2;5054;29;;;5061;31;;;;;5058.0;0.0
1;35700;AMETHYSTS;9996;2;9995;29;;;10002;9;10004;2;10005;29;9999.0;0.0
1;35800;AMETHYSTS;9996;2;9995;21;;;10004;2;10005;21;;;10000.0;0.0
1;35800;STARFRUIT;5056;6;5055;23;;;5061;2;5062;21;;;5058.5;0.0
1;35900;AMETHYSTS;9996;2;9995;28;;;10004;2;10005;28;;;10000.0;0.0
1;35900;STARFRUIT;5055;2;5054;28;;;5061;30;;;;;5058.0;0.0
1;36000;AMETHYSTS;9995;30;;;;;10000;2;10002;9;10005;30;9997.5;0.0
1;36000;STARFRUIT;5054;30;;;;;5057;2;5059;2;5061;30;5055.5;0.0
1;36100;STARFRUIT;5055;2;5054;21;;;5059;6;5061;23;;;5057.0;0.0
1;36100;AMETHYSTS;9998;7;9996;2;9995;21;10004;2;10005;21;;;10001.0;0.0
1;36200;AMETHYSTS;9998;5;9996;1;9995;29;10004;1;10005;29;;;10001.0;0.0
1;36200;STARFRUIT;5055;1;5054;29;;;5061;30;;;;;5058.0;0.0
1;36300;AMETHYSTS;9996;1;9995;30;;;10004;1;10005;30;;;10000.0;0.0
1;36300;STARFRUIT;5054;31;;;;;5060;1;5061;30;;;5057.0;0.0
1;36400;STARFRUIT;5055;1;5054;29;;;5061;29;;;;;5058.0;0.0
1;36400;AMETHYSTS;9996;1;9995;28;;;10002;8;10004;1;10005;28;9999.0;0.0
1;36500;STARFRUIT;5055;28;;;;;5062;29;;;;;5058.5;0.0
1;36500;AMETHYSTS;9996;2;9995;27;;;10004;2;10005;27;;;10000.0;0.0
1;36600;STARFRUIT;5055;31;;;;;5058;2;5062;31;;;5056.5;0.0
1;36600;AMETHYSTS;9996;1;9995;30;;;10000;2;10004;1;10005;30;9998.0;0.0
1;36700;AMETHYSTS;10002;1;9996;1;9995;21;10004;1;10005;21;;;10003.0;0.0
1;36700;STARFRUIT;5055;22;;;;;5061;1;5062;21;;;5058.0;0.0
1;36800;STARFRUIT;5055;2;5054;23;;;5061;25;;;;;5058.0;0.0
1;36800;AMETHYSTS;9996;2;9995;23;;;10004;2;10005;23;;;10000.0;0.0
1;36900;STARFRUIT;5054;22;;;;;5061;22;;;;;5057.5;0.0
1;36900;AMETHYSTS;9998;6;9995;22;;;10005;22;;;;;10001.5;0.0
1;37000;STARFRUIT;5055;2;5054;20;;;5061;22;;;;;5058.0;0.0
1;37000;AMETHYSTS;9996;2;9995;20;;;10004;2;10005;20;;;10000.0;0.0
1;37100;AMETHYSTS;10000;5;9995;24;;;10005;24;;;;;10002.5;0.0
1;37100;STARFRUIT;5057;5;5054;24;;;5061;24;;;;;5059.0;0.0
1;37200;STARFRUIT;5055;2;5054;27;;;5061;2;5062;27;;;5058.0;0.0
1;37200;AMETHYSTS;9996;2;9995;27;;;10004;2;10005;27;;;10000.0;0.0
1;37300;STARFRUIT;5055;1;5054;22;;;5059;4;5061;23;;;5057.0;0.0
1;37300;AMETHYSTS;9996;1;9995;22;;;10004;1;10005;22;;;10000.0;0.0
1;37400;STARFRUIT;5055;4;5054;22;;;5062;22;;;;;5058.5;0.0
1;37400;AMETHYSTS;9995;22;;;;;10005;22;;;;;10000.0;0.0
1;37500;AMETHYSTS;10000;5;9996;1;9995;30;10004;1;10005;30;;;10002.0;0.0
1;37500;STARFRUIT;5058;5;5055;31;;;5062;31;;;;;5060.0;0.0
1;37600;STARFRUIT;5055;25;;;;;5060;5;5062;25;;;5057.5;0.0
1;37600;AMETHYSTS;9996;1;9995;24;;;10004;1;10005;24;;;10000.0;0.0
1;37700;STARFRUIT;5054;20;;;;;5061;20;;;;;5057.5;0.0
1;37700;AMETHYSTS;10002;1;9995;20;;;10005;20;;;;;10003.5;0.0
1;37800;STARFRUIT;5055;25;;;;;5062;25;;;;;5058.5;0.0
1;37800;AMETHYSTS;9996;2;9995;23;;;10004;2;10005;23;;;10000.0;0.0
1;37900;AMETHYSTS;9996;2;9995;27;;;10004;2;10005;27;;;10000.0;0.0
1;37900;STARFRUIT;5055;29;;;;;5062;29;;;;;5058.5;0.0
1;38000;STARFRUIT;5055;30;;;;;5062;30;;;;;5058.5;0.0
1;38000;AMETHYSTS;9998;3;9995;30;;;10005;30;;;;;10001.5;0.0
1;38100;STARFRUIT;5055;29;;;;;5060;4;5062;29;;;5057.5;0.0
1;38100;AMETHYSTS;9998;4;9996;1;9995;28;10004;1;10005;28;;;10001.0;0.0
1;38200;STARFRUIT;5055;31;;;;;5062;31;;;;;5058.5;0.0
1;38200;AMETHYSTS;9998;4;9996;2;9995;29;10004;2;10005;29;;;10001.0;0.0
1;38300;AMETHYSTS;9995;22;;;;;10005;22;;;;;10000.0;0.0
1;38300;STARFRUIT;5056;5;5055;22;;;5062;22;;;;;5059.0;0.0
1;38400;STARFRUIT;5055;31;;;;;5056;4;5061;2;5062;29;5055.5;0.0
1;38400;AMETHYSTS;9996;2;9995;29;;;10004;2;10005;29;;;10000.0;0.0
1;38500;STARFRUIT;5055;24;;;;;5061;2;5062;22;;;5058.0;0.0
1;38500;AMETHYSTS;9996;2;9995;22;;;10004;2;10005;22;;;10000.0;0.0
1;38600;STARFRUIT;5055;31;;;;;5062;31;;;;;5058.5;0.0
1;38600;AMETHYSTS;10002;1;9996;2;9995;29;10004;2;10005;29;;;10003.0;0.0
1;38700;AMETHYSTS;9996;2;9995;20;;;10004;2;10005;20;;;10000.0;0.0
1;38700;STARFRUIT;5056;21;;;;;5063;22;;;;;5059.5;0.0
1;38800;STARFRUIT;5056;2;5055;25;;;5060;2;5062;27;;;5058.0;0.0
1;38800;AMETHYSTS;9996;2;9995;25;;;10004;2;10005;25;;;10000.0;0.0
1;38900;STARFRUIT;5056;2;5055;23;;;5062;2;5063;23;;;5059.0;0.0
1;38900;AMETHYSTS;9996;2;9995;23;;;10004;2;10005;23;;;10000.0;0.0
1;39000;STARFRUIT;5056;24;;;;;5059;3;5061;6;5062;1;5057.5;0.0
1;39000;AMETHYSTS;9996;1;9995;23;;;10000;3;10004;1;10005;23;9998.0;0.0
1;39100;AMETHYSTS;9996;2;9995;28;;;9998;3;10004;2;10005;28;9997.0;0.0
1;39100;STARFRUIT;5057;8;5056;30;;;5062;2;5063;28;;;5059.5;0.0
1;39200;STARFRUIT;5056;5;5055;21;;;5058;4;5062;21;;;5057.0;0.0
1;39200;AMETHYSTS;9995;21;;;;;10000;4;10005;21;;;9997.5;0.0
1;39300;STARFRUIT;5056;24;;;;;5063;24;;;;;5059.5;0.0
1;39300;AMETHYSTS;9995;24;;;;;10005;24;;;;;10000.0;0.0
1;39400;STARFRUIT;5056;21;;;;;5063;21;;;;;5059.5;0.0
1;39400;AMETHYSTS;9995;21;;;;;10005;21;;;;;10000.0;0.0
1;39500;AMETHYSTS;9995;29;;;;;10005;29;;;;;10000.0;0.0
1;39500;STARFRUIT;5056;29;;;;;5061;3;5063;29;;;5058.5;0.0
1;39600;STARFRUIT;5056;31;;;;;5063;31;;;;;5059.5;0.0
1;39600;AMETHYSTS;9996;1;9995;30;;;10004;1;10005;30;;;10000.0;0.0
1;39700;STARFRUIT;5055;29;;;;;5058;6;5062;30;;;5056.5;0.0
1;39700;AMETHYSTS;9996;1;9995;29;;;10000;6;10004;1;10005;29;9998.0;0.0
1;39800;STARFRUIT;5055;24;;;;;5062;24;;;;;5058.5;0.0
1;39800;AMETHYSTS;9996;2;9995;22;;;9998;1;10004;2;10005;22;9997.0;0.0
1;39900;AMETHYSTS;9998;10;9996;1;9995;28;10004;1;10005;28;;;10001.0;0.0
1;39900;STARFRUIT;5055;29;;;;;5060;7;5061;1;5062;28;5057.5;0.0
1;40000;STARFRUIT;5055;1;5054;25;;;5061;1;5062;25;;;5058.0;0.0
1;40000;AMETHYSTS;10002;11;9996;1;9995;25;10004;1;10005;25;;;10003.0;0.0
1;40100;STARFRUIT;5055;30;;;;;5060;4;5062;30;;;5057.5;0.0
1;40100;AMETHYSTS;9995;30;;;;;10005;30;;;;;10000.0;0.0
1;40200;STARFRUIT;5055;25;;;;;5062;25;;;;;5058.5;0.0
1;40200;AMETHYSTS;9996;1;9995;24;;;10002;7;10004;1;10005;24;9999.0;0.0
1;40300;AMETHYSTS;10002;4;9996;1;9995;29;10004;1;10005;29;;;10003.0;0.0
1;40300;STARFRUIT;5055;30;;;;;5062;30;;;;;5058.5;0.0
1;40400;STARFRUIT;5055;25;;;;;5062;25;;;;;5058.5;0.0
1;40400;AMETHYSTS;9996;2;9995;23;;;10004;2;10005;23;;;10000.0;0.0
1;40500;STARFRUIT;5054;22;;;;;5061;22;;;;;5057.5;0.0
1;40500;AMETHYSTS;9996;1;9995;21;;;10004;1;10005;21;;;10000.0;0.0
1;40600;STARFRUIT;5054;28;;;;;5061;28;;;;;5057.5;0.0
1;40600;AMETHYSTS;10002;1;9995;28;;;10005;28;;;;;10003.5;0.0
1;40700;AMETHYSTS;9998;10;9996;1;9995;29;10004;1;10005;29;;;10001.0;0.0
1;40700;STARFRUIT;5061;1;5056;6;5055;30;5062;30;;;;;5061.5;0.0
1;40800;STARFRUIT;5055;21;;;;;5062;21;;;;;5058.5;0.0
1;40800;AMETHYSTS;9995;21;;;;;10005;21;;;;;10000.0;0.0
1;40900;STARFRUIT;5056;3;5054;25;;;5062;25;;;;;5059.0;0.0
1;40900;AMETHYSTS;9998;2;9995;25;;;10005;25;;;;;10001.5;0.0
1;41000;AMETHYSTS;9998;10;9996;1;9995;20;10000;2;10004;1;10005;20;9999.0;0.0
1;41000;STARFRUIT;5055;21;;;;;5058;2;5060;7;5062;21;5056.5;0.0
1;41100;STARFRUIT;5055;2;5054;23;;;5061;2;5062;23;;;5058.0;0.0
1;41100;AMETHYSTS;9996;2;9995;23;;;10004;2;10005;23;;;10000.0;0.0
1;41200;STARFRUIT;5055;20;;;;;5062;20;;;;;5058.5;0.0
1;41200;AMETHYSTS;9995;20;;;;;10005;20;;;;;10000.0;0.0
1;41300;STARFRUIT;5055;8;5054;27;;;5062;27;;;;;5058.5;0.0
1;41300;AMETHYSTS;9995;27;;;;;10005;27;;;;;10000.0;0.0
1;41400;AMETHYSTS;9996;1;9995;29;;;10004;1;10005;29;;;10000.0;0.0
1;41400;STARFRUIT;5055;5;5054;30;;;5056;5;5061;30;;;5055.5;0.0
1;41500;STARFRUIT;5055;7;5054;31;;;5060;2;5061;29;;;5057.5;0.0
1;41500;AMETHYSTS;9996;2;9995;29;;;10004;2;10005;29;;;10000.0;0.0
1;41600;STARFRUIT;5053;26;;;;;5060;26;;;;;5056.5;0.0
1;41600;AMETHYSTS;9995;26;;;;;10005;26;;;;;10000.0;0.0
1;41700;STARFRUIT;5058;2;5053;23;;;5060;23;;;;;5059.0;0.0
1;41700;AMETHYSTS;9995;23;;;;;10005;23;;;;;10000.0;0.0
1;41800;AMETHYSTS;9996;1;9995;21;;;10004;1;10005;21;;;10000.0;0.0
1;41800;STARFRUIT;5053;21;;;;;5060;1;5061;21;;;5056.5;0.0
1;41900;STARFRUIT;5054;28;;;;;5061;28;;;;;5057.5;0.0
1;41900;AMETHYSTS;9995;28;;;;;10002;8;10005;28;;;9998.5;0.0
1;42000;STARFRUIT;5055;28;;;;;5062;28;;;;;5058.5;0.0
1;42000;AMETHYSTS;9996;1;9995;27;;;9998;1;10004;1;10005;27;9997.0;0.0
1;42100;STARFRUIT;5057;7;5056;22;;;5063;22;;;;;5060.0;0.0
1;42100;AMETHYSTS;10002;2;9995;22;;;10005;22;;;;;10003.5;0.0
1;42200;AMETHYSTS;9995;22;;;;;10005;22;;;;;10000.0;0.0
1;42200;STARFRUIT;5056;22;;;;;5063;22;;;;;5059.5;0.0
1;42300;STARFRUIT;5056;2;5055;20;;;5062;22;;;;;5059.0;0.0
1;42300;AMETHYSTS;9996;2;9995;20;;;10004;2;10005;20;;;10000.0;0.0
1;42400;STARFRUIT;5055;28;;;;;5062;28;;;;;5058.5;0.0
1;42400;AMETHYSTS;9996;2;9995;26;;;10002;2;10004;2;10005;26;9999.0;0.0
1;42500;STARFRUIT;5055;24;;;;;5060;2;5062;24;;;5057.5;0.0
1;42500;AMETHYSTS;9995;24;;;;;10005;24;;;;;10000.0;0.0
1;42600;AMETHYSTS;9995;28;;;;;10005;28;;;;;10000.0;0.0
1;42600;STARFRUIT;5060;1;5055;28;;;5062;28;;;;;5061.0;0.0
1;42700;STARFRUIT;5055;1;5054;23;;;5061;24;;;;;5058.0;0.0
1;42700;AMETHYSTS;9996;1;9995;23;;;10004;1;10005;23;;;10000.0;0.0
1;42800;STARFRUIT;5054;29;;;;;5058;2;5062;29;;;5056.0;0.0
1;42800;AMETHYSTS;9995;29;;;;;10000;2;10005;29;;;9997.5;0.0
1;42900;STARFRUIT;5054;20;;;;;5061;20;;;;;5057.5;0.0
1;42900;AMETHYSTS;10002;5;9995;20;;;10005;20;;;;;10003.5;0.0
1;43000;AMETHYSTS;9996;1;9995;26;;;10002;6;10004;1;10005;26;9999.0;0.0
1;43000;STARFRUIT;5054;27;;;;;5061;27;;;;;5057.5;0.0
1;43100;STARFRUIT;5054;25;;;;;5061;25;;;;;5057.5;0.0
1;43100;AMETHYSTS;9998;9;9996;1;9995;24;10004;1;10005;24;;;10001.0;0.0
1;43200;AMETHYSTS;9996;2;9995;29;;;10002;5;10004;2;10005;29;9999.0;0.0
1;43200;STARFRUIT;5054;2;5053;29;;;5060;2;5061;29;;;5057.0;0.0
1;43300;AMETHYSTS;9998;10;9995;20;;;10005;20;;;;;10001.5;0.0
1;43300;STARFRUIT;5059;1;5053;20;;;5061;20;;;;;5060.0;0.0
1;43400;AMETHYSTS;9996;2;9995;22;;;10004;2;10005;22;;;10000.0;0.0
1;43400;STARFRUIT;5054;24;;;;;5060;2;5061;22;;;5057.0;0.0
1;43500;STARFRUIT;5055;6;5054;25;;;5061;25;;;;;5058.0;0.0
1;43500;AMETHYSTS;9996;1;9995;24;;;10002;7;10004;1;10005;24;9999.0;0.0
1;43600;AMETHYSTS;9995;22;;;;;10002;5;10005;22;;;9998.5;0.0
1;43600;STARFRUIT;5054;22;;;;;5059;1;5061;22;;;5056.5;0.0
1;43700;AMETHYSTS;9996;1;9995;29;;;10002;6;10004;1;10005;29;9999.0;0.0
1;43700;STARFRUIT;5054;1;5053;29;;;5060;30;;;;;5057.0;0.0
1;43800;AMETHYSTS;9996;1;9995;22;;;10004;1;10005;22;;;10000.0;0.0
1;43800;STARFRUIT;5053;23;;;;;5060;23;;;;;5056.5;0.0
1;43900;STARFRUIT;5053;8;5052;24;;;5059;26;;;;;5056.0;0.0
1;43900;AMETHYSTS;9996;2;9995;24;;;10002;2;10004;2;10005;24;9999.0;0.0
1;44000;AMETHYSTS;10002;4;9998;10;9996;2;10004;2;10005;25;;;10003.0;0.0
1;44000;STARFRUIT;5053;27;;;;;5059;2;5060;25;;;5056.0;0.0
1;44100;AMETHYSTS;9996;2;9995;22;;;10004;2;10005;22;;;10000.0;0.0
1;44100;STARFRUIT;5053;24;;;;;5058;4;5060;24;;;5055.5;0.0
1;44200;AMETHYSTS;9995;24;;;;;10005;24;;;;;10000.0;0.0
1;44200;STARFRUIT;5053;24;;;;;5060;24;;;;;5056.5;0.0
1;44300;STARFRUIT;5053;26;;;;;5060;26;;;;;5056.5;0.0
1;44300;AMETHYSTS;9996;2;9995;24;;;9998;2;10004;2;10005;24;9997.0;0.0
1;44400;AMETHYSTS;9996;1;9995;25;;;10002;7;10004;1;10005;25;9999.0;0.0
1;44400;STARFRUIT;5054;1;5053;26;;;5060;26;;;;;5057.0;0.0
1;44500;AMETHYSTS;9995;30;;;;;10005;30;;;;;10000.0;0.0
1;44500;STARFRUIT;5053;30;;;;;5060;30;;;;;5056.5;0.0
1;44600;AMETHYSTS;9996;1;9995;21;;;10004;1;10005;21;;;10000.0;0.0
1;44600;STARFRUIT;5054;22;;;;;5060;1;5061;21;;;5057.0;0.0
1;44700;STARFRUIT;5054;27;;;;;5059;6;5061;27;;;5056.5;0.0
1;44700;AMETHYSTS;9996;2;9995;25;;;10004;2;10005;25;;;10000.0;0.0
1;44800;AMETHYSTS;9995;25;;;;;10005;25;;;;;10000.0;0.0
1;44800;STARFRUIT;5054;25;;;;;5059;3;5061;25;;;5056.5;0.0
1;44900;AMETHYSTS;9996;2;9995;21;;;10004;2;10005;21;;;10000.0;0.0
1;44900;STARFRUIT;5054;23;;;;;5060;2;5061;21;;;5057.0;0.0
1;45000;AMETHYSTS;9996;1;9995;27;;;10004;1;10005;27;;;10000.0;0.0
1;45000;STARFRUIT;5054;28;;;;;5055;1;5061;28;;;5054.5;0.0
1;45100;STARFRUIT;5053;27;;;;;5060;27;;;;;5056.5;0.0
1;45100;AMETHYSTS;9995;27;;;;;9998;1;10005;27;;;9996.5;0.0
1;45200;AMETHYSTS;10002;1;9996;1;9995;20;10004;1;10005;20;;;10003.0;0.0
1;45200;STARFRUIT;5053;20;;;;;5060;1;5061;20;;;5056.5;0.0
1;45300;AMETHYSTS;9995;23;;;;;10005;23;;;;;10000.0;0.0
1;45300;STARFRUIT;5053;23;;;;;5054;1;5060;23;;;5053.5;0.0
1;45400;STARFRUIT;5054;25;;;;;5061;25;;;;;5057.5;0.0
1;45400;AMETHYSTS;9998;4;9995;25;;;10005;25;;;;;10001.5;0.0
1;45500;STARFRUIT;5054;21;;;;;5055;3;5060;1;5061;20;5054.5;0.0
1;45500;AMETHYSTS;9996;1;9995;20;;;9998;3;10004;1;10005;20;9997.0;0.0
1;45600;STARFRUIT;5054;1;5053;23;;;5059;6;5060;1;5061;23;5056.5;0.0
1;45600;AMETHYSTS;9996;1;9995;23;;;10004;1;10005;23;;;10000.0;0.0
1;45700;AMETHYSTS;10002;1;9996;2;9995;21;10004;2;10005;21;;;10003.0;0.0
1;45700;STARFRUIT;5054;23;;;;;5061;23;;;;;5057.5;0.0
1;45800;STARFRUIT;5057;5;5054;32;;;5061;32;;;;;5059.0;0.0
1;45800;AMETHYSTS;10000;5;9998;7;9996;2;10004;2;10005;30;;;10002.0;0.0
1;45900;STARFRUIT;5054;26;;;;;5055;1;5061;26;;;5054.5;0.0
1;45900;AMETHYSTS;9998;8;9996;1;9995;25;10004;1;10005;25;;;10001.0;0.0
1;46000;STARFRUIT;5054;23;;;;;5061;23;;;;;5057.5;0.0
1;46000;AMETHYSTS;9995;23;;;;;9998;1;10005;23;;;9996.5;0.0
1;46100;AMETHYSTS;9995;25;;;;;10005;25;;;;;10000.0;0.0
1;46100;STARFRUIT;5055;4;5054;25;;;5061;25;;;;;5058.0;0.0
1;46200;STARFRUIT;5054;4;5053;24;;;5060;24;;;;;5057.0;0.0
1;46200;AMETHYSTS;9995;24;;;;;10005;24;;;;;10000.0;0.0
1;46300;STARFRUIT;5054;28;;;;;5060;2;5061;26;;;5057.0;0.0
1;46300;AMETHYSTS;9996;2;9995;26;;;10004;2;10005;26;;;10000.0;0.0
1;46400;STARFRUIT;5059;1;5054;24;;;5061;24;;;;;5060.0;0.0
1;46400;AMETHYSTS;9995;24;;;;;10005;24;;;;;10000.0;0.0
1;46500;AMETHYSTS;9996;1;9995;29;;;9998;1;10004;1;10005;29;9997.0;0.0
1;46500;STARFRUIT;5058;2;5054;30;;;5061;30;;;;;5059.5;0.0
1;46600;STARFRUIT;5060;1;5055;4;5054;28;5061;28;;;;;5060.5;0.0
1;46600;AMETHYSTS;9998;1;9995;28;;;10005;28;;;;;10001.5;0.0
1;46700;STARFRUIT;5055;30;;;;;5061;1;5062;29;;;5058.0;0.0
1;46700;AMETHYSTS;9996;1;9995;29;;;10004;1;10005;29;;;10000.0;0.0
1;46800;STARFRUIT;5055;25;;;;;5062;25;;;;;5058.5;0.0
1;46800;AMETHYSTS;9995;25;;;;;10005;25;;;;;10000.0;0.0
1;46900;AMETHYSTS;9996;1;9995;29;;;10002;3;10004;1;10005;29;9999.0;0.0
1;46900;STARFRUIT;5054;30;;;;;5055;10;5061;30;;;5054.5;0.0
1;47000;STARFRUIT;5054;23;;;;;5061;23;;;;;5057.5;0.0
1;47000;AMETHYSTS;9996;1;9995;22;;;10004;1;10005;22;;;10000.0;0.0
1;47100;STARFRUIT;5053;22;;;;;5060;22;;;;;5056.5;0.0
1;47100;AMETHYSTS;9995;22;;;;;9998;1;10005;22;;;9996.5;0.0
1;47200;STARFRUIT;5059;1;5053;23;;;5060;23;;;;;5059.5;0.0
1;47200;AMETHYSTS;9996;2;9995;21;;;10004;2;10005;21;;;10000.0;0.0
1;47300;AMETHYSTS;9995;21;;;;;10005;21;;;;;10000.0;0.0
1;47300;STARFRUIT;5055;5;5054;21;;;5061;21;;;;;5058.0;0.0
1;47400;STARFRUIT;5059;5;5054;22;;;5061;22;;;;;5060.0;0.0
1;47400;AMETHYSTS;9998;7;9995;22;;;10005;22;;;;;10001.5;0.0
1;47500;STARFRUIT;5054;22;;;;;5059;5;5061;22;;;5056.5;0.0
1;47500;AMETHYSTS;9996;1;9995;21;;;9998;1;10004;1;10005;21;9997.0;0.0
1;47600;STARFRUIT;5054;21;;;;;5062;21;;;;;5058.0;0.0
1;47600;AMETHYSTS;9998;5;9995;21;;;10005;21;;;;;10001.5;0.0
1;47700;AMETHYSTS;9998;1;9995;23;;;10005;23;;;;;10001.5;0.0
1;47700;STARFRUIT;5055;23;;;;;5060;4;5062;23;;;5057.5;0.0
1;47800;STARFRUIT;5056;20;;;;;5061;7;5063;20;;;5058.5;0.0
1;47800;AMETHYSTS;9995;20;;;;;10005;20;;;;;10000.0;0.0
1;47900;STARFRUIT;5056;23;;;;;5063;23;;;;;5059.5;0.0
1;47900;AMETHYSTS;9995;23;;;;;10005;23;;;;;10000.0;0.0
1;48000;STARFRUIT;5056;27;;;;;5062;1;5063;26;;;5059.0;0.0
1;48000;AMETHYSTS;10002;2;9996;1;9995;26;10004;1;10005;26;;;10003.0;0.0
1;48100;AMETHYSTS;9996;1;9995;29;;;10004;1;10005;29;;;10000.0;0.0
1;48100;STARFRUIT;5056;30;;;;;5061;1;5063;30;;;5058.5;0.0
1;48200;STARFRUIT;5057;1;5056;27;;;5063;27;;;;;5060.0;0.0
1;48200;AMETHYSTS;9996;1;9995;26;;;10004;1;10005;26;;;10000.0;0.0
1;48300;STARFRUIT;5055;21;;;;;5056;4;5061;1;5062;20;5055.5;0.0
1;48300;AMETHYSTS;9998;4;9996;1;9995;20;10004;1;10005;20;;;10001.0;0.0
1;48400;STARFRUIT;5054;32;;;;;5059;6;5061;32;;;5056.5;0.0
1;48400;AMETHYSTS;9996;2;9995;30;;;10004;2;10005;30;;;10000.0;0.0
1;48500;AMETHYSTS;9995;29;;;;;10005;29;;;;;10000.0;0.0
1;48500;STARFRUIT;5054;29;;;;;5061;29;;;;;5057.5;0.0
1;48600;STARFRUIT;5053;27;;;;;5060;27;;;;;5056.5;0.0
1;48600;AMETHYSTS;9996;1;9995;26;;;10004;1;10005;26;;;10000.0;0.0
1;48700;STARFRUIT;5054;23;;;;;5057;2;5061;23;;;5055.5;0.0
1;48700;AMETHYSTS;9996;1;9995;22;;;10000;2;10004;1;10005;22;9998.0;0.0
1;48800;STARFRUIT;5054;29;;;;;5061;29;;;;;5057.5;0.0
1;48800;AMETHYSTS;9996;1;9995;28;;;10004;1;10005;28;;;10000.0;0.0
1;48900;AMETHYSTS;9995;22;;;;;10005;22;;;;;10000.0;0.0
1;48900;STARFRUIT;5053;22;;;;;5054;1;5060;22;;;5053.5;0.0
1;49000;STARFRUIT;5053;1;5052;28;;;5059;29;;;;;5056.0;0.0
1;49000;AMETHYSTS;9996;1;9995;28;;;10004;1;10005;28;;;10000.0;0.0
1;49100;STARFRUIT;5053;30;;;;;5060;30;;;;;5056.5;0.0
1;49100;AMETHYSTS;9995;30;;;;;10005;30;;;;;10000.0;0.0
1;49200;STARFRUIT;5053;26;;;;;5060;26;;;;;5056.5;0.0
1;49200;AMETHYSTS;10002;3;9996;1;9995;25;10004;1;10005;25;;;10003.0;0.0
1;49300;AMETHYSTS;9998;3;9995;29;;;10005;29;;;;;10001.5;0.0
1;49300;STARFRUIT;5055;6;5054;29;;;5061;29;;;;;5058.0;0.0
1;49400;STARFRUIT;5054;1;5053;22;;;5060;23;;;;;5057.0;0.0
1;49400;AMETHYSTS;9996;1;9995;22;;;10004;1;10005;22;;;10000.0;0.0
1;49500;STARFRUIT;5054;25;;;;;5060;1;5061;24;;;5057.0;0.0
1;49500;AMETHYSTS;9996;1;9995;24;;;10004;1;10005;24;;;10000.0;0.0
1;49600;STARFRUIT;5054;2;5053;28;;;5057;3;5060;2;5061;28;5055.5;0.0
1;49600;AMETHYSTS;9996;2;9995;28;;;10000;3;10002;9;10004;2;9998.0;0.0
1;49700;AMETHYSTS;9995;21;;;;;10005;21;;;;;10000.0;0.0
1;49700;STARFRUIT;5058;1;5054;6;5053;21;5060;21;;;;;5059.0;0.0
1;49800;STARFRUIT;5053;20;;;;;5054;1;5060;20;;;5053.5;0.0
1;49800;AMETHYSTS;9995;20;;;;;10002;7;10005;20;;;9998.5;0.0
1;49900;STARFRUIT;5054;6;5053;23;;;5060;1;5061;23;;;5057.0;0.0
1;49900;AMETHYSTS;9996;1;9995;23;;;10004;1;10005;23;;;10000.0;0.0
1;50000;AMETHYSTS;9996;2;9995;24;;;10002;5;10004;2;10005;24;9999.0;0.0
1;50000;STARFRUIT;5054;2;5053;24;;;5060;26;;;;;5057.0;0.0
1;50100;STARFRUIT;5054;2;5053;22;;;5060;24;;;;;5057.0;0.0
1;50100;AMETHYSTS;10002;4;9996;2;9995;22;10004;2;10005;22;;;10003.0;0.0
1;50200;STARFRUIT;5053;29;;;;;5060;29;;;;;5056.5;0.0
1;50200;AMETHYSTS;9996;1;9995;28;;;10004;1;10005;28;;;10000.0;0.0
1;50300;STARFRUIT;5053;23;;;;;5058;4;5060;23;;;5055.5;0.0
1;50300;AMETHYSTS;9995;23;;;;;10005;23;;;;;10000.0;0.0
1;50400;AMETHYSTS;9996;2;9995;21;;;10004;2;10005;21;;;10000.0;0.0
1;50400;STARFRUIT;5054;2;5053;23;;;5055;3;5060;23;;;5054.5;0.0
1;50500;STARFRUIT;5055;4;5053;1;5052;27;5059;1;5060;27;;;5057.0;0.0
1;50500;AMETHYSTS;10000;4;9998;7;9996;1;10004;1;10005;27;;;10002.0;0.0
1;50600;STARFRUIT;5053;2;5052;22;;;5055;4;5059;24;;;5054.0;0.0
1;50600;AMETHYSTS;9998;7;9996;2;9995;22;10000;5;10004;2;10005;22;9999.0;0.0
1;50700;STARFRUIT;5052;20;;;;;5059;20;;;;;5055.5;0.0
1;50700;AMETHYSTS;9998;9;9995;20;;;10005;20;;;;;10001.5;0.0
1;50800;AMETHYSTS;9998;7;9996;2;9995;26;10004;2;10005;26;;;10001.0;0.0
1;50800;STARFRUIT;5053;2;5052;26;;;5059;2;5060;26;;;5056.0;0.0
1;50900;STARFRUIT;5053;29;;;;;5056;5;5060;30;;;5054.5;0.0
1;50900;AMETHYSTS;9998;2;9995;30;;;10000;5;10005;30;;;9999.0;0.0
1;51000;STARFRUIT;5053;25;;;;;5060;25;;;;;5056.5;0.0
1;51000;AMETHYSTS;9996;2;9995;23;;;10004;2;10005;23;;;10000.0;0.0
1;51100;STARFRUIT;5054;3;5053;29;;;5060;29;;;;;5057.0;0.0
1;51100;AMETHYSTS;9995;29;;;;;10002;1;10005;29;;;9998.5;0.0
1;51200;AMETHYSTS;9995;30;;;;;10005;30;;;;;10000.0;0.0
1;51200;STARFRUIT;5053;30;;;;;5060;30;;;;;5056.5;0.0
1;51300;STARFRUIT;5054;2;5053;23;;;5060;25;;;;;5057.0;0.0
1;51300;AMETHYSTS;9996;2;9995;23;;;9998;5;10002;5;10004;2;9997.0;0.0
1;51400;STARFRUIT;5054;23;;;;;5059;5;5060;1;5061;22;5056.5;0.0
1;51400;AMETHYSTS;9996;1;9995;22;;;10004;1;10005;22;;;10000.0;0.0
1;51500;STARFRUIT;5054;21;;;;;5061;21;;;;;5057.5;0.0
1;51500;AMETHYSTS;9995;21;;;;;10005;21;;;;;10000.0;0.0
1;51600;AMETHYSTS;9996;2;9995;21;;;10002;5;10004;2;10005;21;9999.0;0.0
1;51600;STARFRUIT;5058;4;5054;23;;;5059;1;5060;2;5061;21;5058.5;0.0
1;51700;STARFRUIT;5054;32;;;;;5061;32;;;;;5057.5;0.0
1;51700;AMETHYSTS;9996;2;9995;30;;;10004;2;10005;30;;;10000.0;0.0
1;51800;STARFRUIT;5053;25;;;;;5060;25;;;;;5056.5;0.0
1;51800;AMETHYSTS;9995;25;;;;;10005;25;;;;;10000.0;0.0
1;51900;AMETHYSTS;9996;2;9995;26;;;10004;2;10005;26;;;10000.0;0.0
1;51900;STARFRUIT;5054;2;5053;26;;;5060;2;5061;26;;;5057.0;0.0
1;52000;AMETHYSTS;9998;2;9995;21;;;10000;5;10005;21;;;9999.0;0.0
1;52000;STARFRUIT;5055;5;5054;21;;;5057;5;5061;21;;;5056.0;0.0
1;52100;STARFRUIT;5053;28;;;;;5060;28;;;;;5056.5;0.0
1;52100;AMETHYSTS;9996;1;9995;27;;;10004;1;10005;27;;;10000.0;0.0
1;52200;AMETHYSTS;9995;23;;;;;10005;23;;;;;10000.0;0.0
1;52200;STARFRUIT;5053;23;;;;;5054;1;5060;23;;;5053.5;0.0
1;52300;AMETHYSTS;9995;30;;;;;10005;30;;;;;10000.0;0.0
1;52300;STARFRUIT;5052;30;;;;;5059;30;;;;;5055.5;0.0
1;52400;AMETHYSTS;10002;3;9996;1;9995;20;10004;1;10005;20;;;10003.0;0.0
1;52400;STARFRUIT;5053;2;5052;20;;;5056;4;5059;1;5060;20;5054.5;0.0
1;52500;STARFRUIT;5052;27;;;;;5059;27;;;;;5055.5;0.0
1;52500;AMETHYSTS;9996;2;9995;25;;;10004;2;10005;25;;;10000.0;0.0
1;52600;AMETHYSTS;9996;1;9995;30;;;10004;1;10005;30;;;10000.0;0.0
1;52600;STARFRUIT;5052;3;5051;30;;;5053;2;5058;31;;;5052.5;0.0
1;52700;AMETHYSTS;9996;1;9995;24;;;10002;9;10004;1;10005;24;9999.0;0.0
1;52700;STARFRUIT;5057;1;5051;25;;;5058;25;;;;;5057.5;0.0
1;52800;AMETHYSTS;9996;2;9995;26;;;10004;2;10005;26;;;10000.0;0.0
1;52800;STARFRUIT;5057;1;5051;28;;;5058;28;;;;;5057.5;0.0
1;52900;STARFRUIT;5051;1;5050;26;;;5057;1;5058;26;;;5054.0;0.0
1;52900;AMETHYSTS;9996;1;9995;26;;;10002;3;10004;1;10005;26;9999.0;0.0
1;53000;AMETHYSTS;9996;1;9995;29;;;10004;1;10005;29;;;10000.0;0.0
1;53000;STARFRUIT;5051;30;;;;;5058;30;;;;;5054.5;0.0
1;53100;AMETHYSTS;9996;2;9995;21;;;9998;5;10004;2;10005;21;9997.0;0.0
1;53100;STARFRUIT;5051;23;;;;;5058;23;;;;;5054.5;0.0
1;53200;AMETHYSTS;9995;23;;;;;10005;23;;;;;10000.0;0.0
1;53200;STARFRUIT;5056;1;5051;23;;;5058;23;;;;;5057.0;0.0
1;53300;STARFRUIT;5051;20;;;;;5058;20;;;;;5054.5;0.0
1;53300;AMETHYSTS;9995;20;;;;;10005;20;;;;;10000.0;0.0
1;53400;AMETHYSTS;9996;2;9995;30;;;9998;1;10004;2;10005;30;9997.0;0.0
1;53400;STARFRUIT;5051;9;5050;30;;;5057;32;;;;;5054.0;0.0
1;53500;AMETHYSTS;9995;25;;;;;10002;7;10005;25;;;9998.5;0.0
1;53500;STARFRUIT;5051;25;;;;;5056;2;5058;25;;;5053.5;0.0
1;53600;AMETHYSTS;9998;2;9996;1;9995;22;10004;1;10005;22;;;10001.0;0.0
1;53600;STARFRUIT;5051;1;5050;22;;;5057;1;5058;22;;;5054.0;0.0
1;53700;STARFRUIT;5051;1;5050;23;;;5057;23;;;;;5054.0;0.0
1;53700;AMETHYSTS;9995;23;;;;;10005;23;;;;;10000.0;0.0
1;53800;AMETHYSTS;9998;8;9995;29;;;10005;29;;;;;10001.5;0.0
1;53800;STARFRUIT;5049;29;;;;;5056;29;;;;;5052.5;0.0
1;53900;AMETHYSTS;9996;1;9995;25;;;10000;4;10002;8;10004;1;9998.0;0.0
1;53900;STARFRUIT;5049;26;;;;;5052;4;5056;26;;;5050.5;0.0
1;54000;AMETHYSTS;9996;1;9995;21;;;10002;1;10004;1;10005;21;9999.0;0.0
1;54000;STARFRUIT;5050;8;5049;21;;;5056;22;;;;;5053.0;0.0
1;54100;STARFRUIT;5050;4;5049;22;;;5056;22;;;;;5053.0;0.0
1;54100;AMETHYSTS;9996;1;9995;21;;;10004;1;10005;21;;;10000.0;0.0
1;54200;STARFRUIT;5049;21;;;;;5050;1;5056;21;;;5049.5;0.0
1;54200;AMETHYSTS;9996;1;9995;20;;;10004;1;10005;20;;;10000.0;0.0
1;54300;AMETHYSTS;10002;1;9996;2;9995;26;10004;2;10005;26;;;10003.0;0.0
1;54300;STARFRUIT;5050;2;5049;26;;;5056;2;5057;26;;;5053.0;0.0
1;54400;STARFRUIT;5050;22;;;;;5057;22;;;;;5053.5;0.0
1;54400;AMETHYSTS;9995;22;;;;;10005;22;;;;;10000.0;0.0
1;54500;STARFRUIT;5049;29;;;;;5056;29;;;;;5052.5;0.0
1;54500;AMETHYSTS;9996;2;9995;27;;;10002;2;10004;2;10005;27;9999.0;0.0
1;54600;STARFRUIT;5049;1;5048;29;;;5055;30;;;;;5052.0;0.0
1;54600;AMETHYSTS;10002;2;9996;1;9995;29;10004;1;10005;29;;;10003.0;0.0
1;54700;AMETHYSTS;9996;1;9995;22;;;10004;1;10005;22;;;10000.0;0.0
1;54700;STARFRUIT;5049;23;;;;;5056;23;;;;;5052.5;0.0
1;54800;STARFRUIT;5049;9;5048;23;;;5055;2;5056;23;;;5052.0;0.0
1;54800;AMETHYSTS;9996;2;9995;23;;;10004;2;10005;23;;;10000.0;0.0
1;54900;STARFRUIT;5049;2;5048;22;;;5053;1;5055;24;;;5051.0;0.0
1;54900;AMETHYSTS;9996;2;9995;22;;;10004;2;10005;22;;;10000.0;0.0
1;55000;STARFRUIT;5048;22;;;;;5053;7;5055;22;;;5050.5;0.0
1;55000;AMETHYSTS;9996;2;9995;20;;;10004;2;10005;20;;;10000.0;0.0
1;55100;AMETHYSTS;9996;2;9995;24;;;10004;2;10005;24;;;10000.0;0.0
1;55100;STARFRUIT;5048;2;5047;24;;;5054;26;;;;;5051.0;0.0
1;55200;STARFRUIT;5046;25;;;;;5053;26;;;;;5049.5;0.0
1;55200;AMETHYSTS;9998;8;9996;1;9995;25;10004;1;10005;25;;;10001.0;0.0
1;55300;STARFRUIT;5046;22;;;;;5051;3;5053;22;;;5048.5;0.0
1;55300;AMETHYSTS;9995;22;;;;;10002;5;10005;22;;;9998.5;0.0
1;55400;STARFRUIT;5047;5;5046;28;;;5053;28;;;;;5050.0;0.0
1;55400;AMETHYSTS;9998;7;9996;1;9995;27;10004;1;10005;27;;;10001.0;0.0
1;55500;AMETHYSTS;9996;2;9995;22;;;10004;2;10005;22;;;10000.0;0.0
1;55500;STARFRUIT;5046;24;;;;;5051;2;5053;24;;;5048.5;0.0
1;55600;STARFRUIT;5046;23;;;;;5053;23;;;;;5049.5;0.0
1;55600;AMETHYSTS;9995;23;;;;;10002;9;10005;23;;;9998.5;0.0
1;55700;STARFRUIT;5046;22;;;;;5053;22;;;;;5049.5;0.0
1;55700;AMETHYSTS;9996;1;9995;21;;;10002;7;10004;1;10005;21;9999.0;0.0
1;55800;STARFRUIT;5047;8;5046;26;;;5053;26;;;;;5050.0;0.0
1;55800;AMETHYSTS;9996;1;9995;25;;;10004;1;10005;25;;;10000.0;0.0
1;55900;AMETHYSTS;9995;20;;;;;10005;20;;;;;10000.0;0.0
1;55900;STARFRUIT;5049;4;5046;20;;;5053;20;;;;;5051.0;0.0
1;56000;STARFRUIT;5048;2;5045;25;;;5050;7;5052;25;;;5049.0;0.0
1;56000;AMETHYSTS;10000;2;9996;1;9995;24;10002;6;10004;1;10005;24;10001.0;0.0
1;56100;STARFRUIT;5046;1;5045;27;;;5052;28;;;;;5049.0;0.0
1;56100;AMETHYSTS;9996;1;9995;27;;;9998;1;10002;3;10004;1;9997.0;0.0
1;56200;STARFRUIT;5045;1;5044;30;;;5047;4;5051;31;;;5046.0;0.0
1;56200;AMETHYSTS;9996;1;9995;30;;;10000;4;10004;1;10005;30;9998.0;0.0
1;56300;AMETHYSTS;9995;28;;;;;10005;28;;;;;10000.0;0.0
1;56300;STARFRUIT;5044;28;;;;;5051;28;;;;;5047.5;0.0
1;56400;STARFRUIT;5044;29;;;;;5051;29;;;;;5047.5;0.0
1;56400;AMETHYSTS;9996;2;9995;27;;;10004;2;10005;27;;;10000.0;0.0
1;56500;STARFRUIT;5044;21;;;;;5052;21;;;;;5048.0;0.0
1;56500;AMETHYSTS;9995;21;;;;;10002;9;10005;21;;;9998.5;0.0
1;56600;STARFRUIT;5045;2;5044;28;;;5049;3;5051;30;;;5047.0;0.0
1;56600;AMETHYSTS;9996;2;9995;28;;;10002;2;10004;2;10005;28;9999.0;0.0
1;56700;AMETHYSTS;9998;5;9995;27;;;10005;27;;;;;10001.5;0.0
1;56700;STARFRUIT;5045;2;5044;27;;;5046;4;5052;27;;;5045.5;0.0
1;56800;STARFRUIT;5045;8;5044;23;;;5051;23;;;;;5048.0;0.0
1;56800;AMETHYSTS;9995;23;;;;;10005;23;;;;;10000.0;0.0
1;56900;STARFRUIT;5045;21;;;;;5052;21;;;;;5048.5;0.0
1;56900;AMETHYSTS;9996;1;9995;20;;;10004;1;10005;20;;;10000.0;0.0
1;57000;STARFRUIT;5046;22;;;;;5053;22;;;;;5049.5;0.0
1;57000;AMETHYSTS;9996;2;9995;20;;;10002;10;10004;2;10005;20;9999.0;0.0
1;57100;AMETHYSTS;9998;6;9995;24;;;10005;24;;;;;10001.5;0.0
1;57100;STARFRUIT;5051;1;5045;24;;;5052;24;;;;;5051.5;0.0
1;57200;STARFRUIT;5046;26;;;;;5053;26;;;;;5049.5;0.0
1;57200;AMETHYSTS;9998;5;9996;1;9995;25;10004;1;10005;25;;;10001.0;0.0
1;57300;STARFRUIT;5046;31;;;;;5051;1;5052;1;5053;30;5048.5;0.0
1;57300;AMETHYSTS;9996;1;9995;30;;;10004;1;10005;30;;;10000.0;0.0
1;57400;STARFRUIT;5046;1;5045;27;;;5052;28;;;;;5049.0;0.0
1;57400;AMETHYSTS;9996;1;9995;27;;;10004;1;10005;27;;;10000.0;0.0
1;57500;AMETHYSTS;9995;21;;;;;10005;21;;;;;10000.0;0.0
1;57500;STARFRUIT;5046;2;5045;21;;;5052;21;;;;;5049.0;0.0
1;57600;STARFRUIT;5049;5;5046;22;;;5052;2;5053;20;;;5050.5;0.0
1;57600;AMETHYSTS;10000;4;9996;2;9995;20;10004;2;10005;20;;;10002.0;0.0
1;57700;STARFRUIT;5045;22;;;;;5052;22;;;;;5048.5;0.0
1;57700;AMETHYSTS;9998;2;9996;1;9995;21;10004;1;10005;21;;;10001.0;0.0
1;57800;STARFRUIT;5045;7;5044;28;;;5051;28;;;;;5048.0;0.0
1;57800;AMETHYSTS;9996;2;9995;26;;;10002;4;10004;2;10005;26;9999.0;0.0
1;57900;AMETHYSTS;9996;2;9995;26;;;10004;2;10005;26;;;10000.0;0.0
1;57900;STARFRUIT;5045;28;;;;;5046;5;5052;28;;;5045.5;0.0
1;58000;STARFRUIT;5045;28;;;;;5052;28;;;;;5048.5;0.0
1;58000;AMETHYSTS;9995;28;;;;;10005;28;;;;;10000.0;0.0
1;58100;STARFRUIT;5045;20;;;;;5052;20;;;;;5048.5;0.0
1;58100;AMETHYSTS;9998;7;9995;20;;;10005;20;;;;;10001.5;0.0
1;58200;STARFRUIT;5045;29;;;;;5052;29;;;;;5048.5;0.0
1;58200;AMETHYSTS;9996;2;9995;27;;;10004;2;10005;27;;;10000.0;0.0
1;58300;AMETHYSTS;9996;2;9995;28;;;10004;2;10005;28;;;10000.0;0.0
1;58300;STARFRUIT;5045;30;;;;;5052;30;;;;;5048.5;0.0
1;58400;STARFRUIT;5045;25;;;;;5052;25;;;;;5048.5;0.0
1;58400;AMETHYSTS;9995;25;;;;;10005;25;;;;;10000.0;0.0
1;58500;STARFRUIT;5045;22;;;;;5050;2;5051;2;5052;20;5047.5;0.0
1;58500;AMETHYSTS;9998;3;9996;2;9995;20;10004;2;10005;20;;;10001.0;0.0
1;58600;STARFRUIT;5045;23;;;;;5052;23;;;;;5048.5;0.0
1;58600;AMETHYSTS;9996;1;9995;22;;;10004;1;10005;22;;;10000.0;0.0
1;58700;STARFRUIT;5045;30;;;;;5048;4;5052;30;;;5046.5;0.0
1;58700;AMETHYSTS;9996;1;9995;29;;;9998;1;10000;4;10004;1;9997.0;0.0
1;58800;STARFRUIT;5046;31;;;;;5051;5;5052;1;5053;30;5048.5;0.0
1;58800;AMETHYSTS;9996;1;9995;30;;;10004;1;10005;30;;;10000.0;0.0
1;58900;STARFRUIT;5051;1;5045;25;;;5052;25;;;;;5051.5;0.0
1;58900;AMETHYSTS;9996;2;9995;23;;;10004;2;10005;23;;;10000.0;0.0
1;59000;AMETHYSTS;9996;1;9995;23;;;10004;1;10005;23;;;10000.0;0.0
1;59000;STARFRUIT;5045;24;;;;;5052;24;;;;;5048.5;0.0
1;59100;STARFRUIT;5045;21;;;;;5051;1;5052;20;;;5048.0;0.0
1;59100;AMETHYSTS;9998;7;9996;1;9995;20;10004;1;10005;20;;;10001.0;0.0
1;59200;STARFRUIT;5049;10;5045;10;5044;23;5051;25;;;;;5050.0;0.0
1;59200;AMETHYSTS;10002;1;9996;2;9995;23;10004;2;10005;23;;;10003.0;0.0
1;59300;STARFRUIT;5044;22;;;;;5051;22;;;;;5047.5;0.0
1;59300;AMETHYSTS;9998;5;9995;22;;;10005;22;;;;;10001.5;0.0
1;59400;AMETHYSTS;10002;1;9995;23;;;10005;23;;;;;10003.5;0.0
1;59400;STARFRUIT;5045;23;;;;;5052;23;;;;;5048.5;0.0
1;59500;STARFRUIT;5044;24;;;;;5051;24;;;;;5047.5;0.0
1;59500;AMETHYSTS;9996;2;9995;22;;;10004;2;10005;22;;;10000.0;0.0
1;59600;STARFRUIT;5045;1;5044;24;;;5051;25;;;;;5048.0;0.0
1;59600;AMETHYSTS;10002;1;9996;1;9995;24;10004;1;10005;24;;;10003.0;0.0
1;59700;STARFRUIT;5050;1;5045;26;;;5052;26;;;;;5051.0;0.0
1;59700;AMETHYSTS;9996;1;9995;25;;;10004;1;10005;25;;;10000.0;0.0
1;59800;AMETHYSTS;9998;9;9996;2;9995;22;10004;2;10005;22;;;10001.0;0.0
1;59800;STARFRUIT;5044;24;;;;;5051;24;;;;;5047.5;0.0
1;59900;STARFRUIT;5043;25;;;;;5048;4;5050;25;;;5045.5;0.0
1;59900;AMETHYSTS;9996;2;9995;23;;;10004;2;10005;23;;;10000.0;0.0
1;60000;STARFRUIT;5044;6;5043;25;;;5050;26;;;;;5047.0;0.0
1;60000;AMETHYSTS;9996;1;9995;25;;;9998;3;10002;10;10004;1;9997.0;0.0
1;60100;STARFRUIT;5044;1;5043;27;;;5050;28;;;;;5047.0;0.0
1;60100;AMETHYSTS;9996;1;9995;27;;;10004;1;10005;27;;;10000.0;0.0
1;60200;AMETHYSTS;9996;1;9995;25;;;10004;1;10005;25;;;10000.0;0.0
1;60200;STARFRUIT;5044;1;5043;25;;;5050;1;5051;25;;;5047.0;0.0
1;60300;STARFRUIT;5044;1;5043;23;;;5050;24;;;;;5047.0;0.0
1;60300;AMETHYSTS;9998;3;9996;1;9995;23;10004;1;10005;23;;;10001.0;0.0
1;60400;STARFRUIT;5043;24;;;;;5050;24;;;;;5046.5;0.0
1;60400;AMETHYSTS;9996;2;9995;22;;;9998;1;10004;2;10005;22;9997.0;0.0
1;60500;STARFRUIT;5043;25;;;;;5046;2;5050;25;;;5044.5;0.0
1;60500;AMETHYSTS;9995;25;;;;;10000;2;10005;25;;;9997.5;0.0
1;60600;AMETHYSTS;9996;1;9995;21;;;10004;1;10005;21;;;10000.0;0.0
1;60600;STARFRUIT;5043;21;;;;;5049;1;5050;21;;;5046.0;0.0
1;60700;STARFRUIT;5047;9;5042;24;;;5049;24;;;;;5048.0;0.0
1;60700;AMETHYSTS;9998;10;9995;24;;;10005;24;;;;;10001.5;0.0
1;60800;AMETHYSTS;9996;2;9995;26;;;10004;2;10005;26;;;10000.0;0.0
1;60800;STARFRUIT;5048;1;5042;28;;;5049;28;;;;;5048.5;0.0
1;60900;AMETHYSTS;9998;10;9995;29;;;10005;29;;;;;10001.5;0.0
1;60900;STARFRUIT;5048;1;5042;29;;;5049;29;;;;;5048.5;0.0
1;61000;AMETHYSTS;9996;1;9995;25;;;9998;1;10004;1;10005;25;9997.0;0.0
1;61000;STARFRUIT;5042;26;;;;;5049;26;;;;;5045.5;0.0
1;61100;STARFRUIT;5042;31;;;;;5049;31;;;;;5045.5;0.0
1;61100;AMETHYSTS;9996;2;9995;29;;;10004;2;10005;29;;;10000.0;0.0
1;61200;AMETHYSTS;9998;1;9995;22;;;10005;22;;;;;10001.5;0.0
1;61200;STARFRUIT;5043;2;5042;22;;;5049;22;;;;;5046.0;0.0
1;61300;AMETHYSTS;9995;27;;;;;10005;27;;;;;10000.0;0.0
1;61300;STARFRUIT;5042;27;;;;;5049;27;;;;;5045.5;0.0
1;61400;AMETHYSTS;9995;28;;;;;10005;28;;;;;10000.0;0.0
1;61400;STARFRUIT;5042;28;;;;;5049;28;;;;;5045.5;0.0
1;61500;STARFRUIT;5048;1;5043;22;;;5050;22;;;;;5049.0;0.0
1;61500;AMETHYSTS;9998;4;9995;22;;;10005;22;;;;;10001.5;0.0
1;61600;AMETHYSTS;9996;1;9995;27;;;10004;1;10005;27;;;10000.0;0.0
1;61600;STARFRUIT;5044;1;5043;27;;;5050;1;5051;27;;;5047.0;0.0
1;61700;AMETHYSTS;9996;2;9995;21;;;10004;2;10005;21;;;10000.0;0.0
1;61700;STARFRUIT;5044;23;;;;;5051;23;;;;;5047.5;0.0
1;61800;AMETHYSTS;9996;2;9995;24;;;10004;2;10005;24;;;10000.0;0.0
1;61800;STARFRUIT;5044;25;;;;;5050;2;5051;24;;;5047.0;0.0
1;61900;STARFRUIT;5043;28;;;;;5050;28;;;;;5046.5;0.0
1;61900;AMETHYSTS;9995;28;;;;;10002;8;10005;28;;;9998.5;0.0
1;62000;AMETHYSTS;9995;24;;;;;10005;24;;;;;10000.0;0.0
1;62000;STARFRUIT;5043;24;;;;;5050;24;;;;;5046.5;0.0
1;62100;AMETHYSTS;9996;2;9995;25;;;10002;3;10004;2;10005;25;9999.0;0.0
1;62100;STARFRUIT;5043;27;;;;;5050;27;;;;;5046.5;0.0
1;62200;AMETHYSTS;9998;9;9996;2;9995;22;10004;2;10005;22;;;10001.0;0.0
1;62200;STARFRUIT;5044;2;5043;22;;;5048;1;5050;24;;;5046.0;0.0
1;62300;STARFRUIT;5043;21;;;;;5050;21;;;;;5046.5;0.0
1;62300;AMETHYSTS;9995;21;;;;;10005;21;;;;;10000.0;0.0
1;62400;AMETHYSTS;9995;24;;;;;10005;24;;;;;10000.0;0.0
1;62400;STARFRUIT;5043;24;;;;;5050;24;;;;;5046.5;0.0
1;62500;AMETHYSTS;9996;2;9995;25;;;10004;2;10005;25;;;10000.0;0.0
1;62500;STARFRUIT;5043;27;;;;;5049;2;5050;25;;;5046.0;0.0
1;62600;AMETHYSTS;9998;6;9996;1;9995;21;10004;1;10005;21;;;10001.0;0.0
1;62600;STARFRUIT;5043;22;;;;;5050;22;;;;;5046.5;0.0
1;62700;STARFRUIT;5043;25;;;;;5050;25;;;;;5046.5;0.0
1;62700;AMETHYSTS;9998;3;9995;25;;;10005;25;;;;;10001.5;0.0
1;62800;AMETHYSTS;9995;22;;;;;10005;22;;;;;10000.0;0.0
1;62800;STARFRUIT;5043;22;;;;;5050;22;;;;;5046.5;0.0
1;62900;AMETHYSTS;10002;11;9998;3;9996;2;10004;2;10005;20;;;10003.0;0.0
1;62900;STARFRUIT;5044;2;5043;20;;;5050;2;5051;20;;;5047.0;0.0
1;63000;AMETHYSTS;9995;30;;;;;10005;30;;;;;10000.0;0.0
1;63000;STARFRUIT;5043;30;;;;;5050;30;;;;;5046.5;0.0
1;63100;STARFRUIT;5042;30;;;;;5049;30;;;;;5045.5;0.0
1;63100;AMETHYSTS;9995;30;;;;;9998;1;10005;30;;;9996.5;0.0
1;63200;STARFRUIT;5042;25;;;;;5049;25;;;;;5045.5;0.0
1;63200;AMETHYSTS;9996;1;9995;24;;;10004;1;10005;24;;;10000.0;0.0
1;63300;AMETHYSTS;10002;4;9995;30;;;10005;30;;;;;10003.5;0.0
1;63300;STARFRUIT;5047;1;5042;30;;;5049;30;;;;;5048.0;0.0
1;63400;STARFRUIT;5043;2;5042;22;;;5049;24;;;;;5046.0;0.0
1;63400;AMETHYSTS;9996;2;9995;22;;;10004;2;10005;22;;;10000.0;0.0
1;63500;STARFRUIT;5043;3;5042;28;;;5049;28;;;;;5046.0;0.0
1;63500;AMETHYSTS;9995;28;;;;;10005;28;;;;;10000.0;0.0
1;63600;STARFRUIT;5048;1;5042;22;;;5049;22;;;;;5048.5;0.0
1;63600;AMETHYSTS;9995;22;;;;;10005;22;;;;;10000.0;0.0
1;63700;AMETHYSTS;9995;21;;;;;10000;5;10002;7;10005;21;9997.5;0.0
1;63700;STARFRUIT;5042;21;;;;;5045;5;5047;7;5049;21;5043.5;0.0
1;63800;STARFRUIT;5043;1;5042;27;;;5049;28;;;;;5046.0;0.0
1;63800;AMETHYSTS;9996;1;9995;27;;;9998;1;10004;1;10005;27;9997.0;0.0
1;63900;STARFRUIT;5042;22;;;;;5045;2;5049;22;;;5043.5;0.0
1;63900;AMETHYSTS;9995;22;;;;;10000;2;10005;22;;;9997.5;0.0
1;64000;STARFRUIT;5043;2;5042;30;;;5049;30;;;;;5046.0;0.0
1;64000;AMETHYSTS;9995;30;;;;;9998;11;10002;10;10005;30;9996.5;0.0
1;64100;AMETHYSTS;9996;2;9995;26;;;10002;4;10004;2;10005;26;9999.0;0.0
1;64100;STARFRUIT;5042;28;;;;;5047;4;5049;28;;;5044.5;0.0
1;64200;STARFRUIT;5042;27;;;;;5049;27;;;;;5045.5;0.0
1;64200;AMETHYSTS;9996;2;9995;25;;;10004;2;10005;25;;;10000.0;0.0
1;64300;STARFRUIT;5043;2;5042;22;;;5049;22;;;;;5046.0;0.0
1;64300;AMETHYSTS;9998;4;9996;2;9995;20;10004;2;10005;20;;;10001.0;0.0
1;64400;STARFRUIT;5043;4;5042;29;;;5049;29;;;;;5046.0;0.0
1;64400;AMETHYSTS;9996;2;9995;27;;;10004;2;10005;27;;;10000.0;0.0
1;64500;AMETHYSTS;9996;2;9995;20;;;10004;2;10005;20;;;10000.0;0.0
1;64500;STARFRUIT;5043;9;5042;20;;;5049;22;;;;;5046.0;0.0
1;64600;STARFRUIT;5042;29;;;;;5049;29;;;;;5045.5;0.0
1;64600;AMETHYSTS;9996;2;9995;27;;;10004;2;10005;27;;;10000.0;0.0
1;64700;STARFRUIT;5042;29;;;;;5049;29;;;;;5045.5;0.0
1;64700;AMETHYSTS;10002;1;9996;1;9995;28;10004;1;10005;28;;;10003.0;0.0
1;64800;STARFRUIT;5042;20;;;;;5049;21;;;;;5045.5;0.0
1;64800;AMETHYSTS;9996;1;9995;20;;;10004;1;10005;20;;;10000.0;0.0
1;64900;AMETHYSTS;9996;2;9995;30;;;9998;4;10002;10;10004;2;9997.0;0.0
1;64900;STARFRUIT;5042;32;;;;;5049;32;;;;;5045.5;0.0
1;65000;STARFRUIT;5047;1;5042;27;;;5049;27;;;;;5048.0;0.0
1;65000;AMETHYSTS;9996;1;9995;26;;;10002;5;10004;1;10005;26;9999.0;0.0
1;65100;STARFRUIT;5042;26;;;;;5049;26;;;;;5045.5;0.0
1;65100;AMETHYSTS;9998;10;9996;1;9995;25;10004;1;10005;25;;;10001.0;0.0
1;65200;STARFRUIT;5043;2;5042;29;;;5048;1;5049;28;;;5045.5;0.0
1;65200;AMETHYSTS;9996;1;9995;28;;;10002;6;10004;1;10005;28;9999.0;0.0
1;65300;AMETHYSTS;9995;29;;;;;10002;9;10005;29;;;9998.5;0.0
1;65300;STARFRUIT;5042;29;;;;;5047;1;5049;29;;;5044.5;0.0
1;65400;STARFRUIT;5042;21;;;;;5044;2;5049;21;;;5043.0;0.0
1;65400;AMETHYSTS;9998;10;9995;21;;;10005;21;;;;;10001.5;0.0
1;65500;STARFRUIT;5042;20;;;;;5049;20;;;;;5045.5;0.0
1;65500;AMETHYSTS;9995;20;;;;;10005;20;;;;;10000.0;0.0
1;65600;STARFRUIT;5043;6;5042;20;;;5049;20;;;;;5046.0;0.0
1;65600;AMETHYSTS;9998;3;9995;20;;;10005;20;;;;;10001.5;0.0
1;65700;AMETHYSTS;9995;24;;;;;10005;24;;;;;10000.0;0.0
1;65700;STARFRUIT;5042;24;;;;;5043;1;5049;24;;;5042.5;0.0
1;65800;STARFRUIT;5043;1;5042;30;;;5049;30;;;;;5046.0;0.0
1;65800;AMETHYSTS;10002;4;9995;30;;;10005;30;;;;;10003.5;0.0
1;65900;STARFRUIT;5042;26;;;;;5049;26;;;;;5045.5;0.0
1;65900;AMETHYSTS;9996;2;9995;24;;;10004;2;10005;24;;;10000.0;0.0
1;66000;STARFRUIT;5044;6;5043;25;;;5050;25;;;;;5047.0;0.0
1;66000;AMETHYSTS;9996;1;9995;24;;;10004;1;10005;24;;;10000.0;0.0
1;66100;AMETHYSTS;9996;2;9995;23;;;10004;2;10005;23;;;10000.0;0.0
1;66100;STARFRUIT;5048;1;5042;25;;;5049;25;;;;;5048.5;0.0
1;66200;STARFRUIT;5047;5;5043;1;5042;22;5049;1;5050;22;;;5048.0;0.0
1;66200;AMETHYSTS;10002;1;9996;1;9995;22;10004;1;10005;22;;;10003.0;0.0
1;66300;STARFRUIT;5046;3;5043;20;;;5050;20;;;;;5048.0;0.0
1;66300;AMETHYSTS;10000;3;9995;20;;;10002;5;10005;20;;;10001.0;0.0
1;66400;STARFRUIT;5044;2;5043;24;;;5050;26;;;;;5047.0;0.0
1;66400;AMETHYSTS;9996;2;9995;24;;;10004;2;10005;24;;;10000.0;0.0
1;66500;AMETHYSTS;9996;1;9995;30;;;10004;1;10005;30;;;10000.0;0.0
1;66500;STARFRUIT;5048;1;5043;31;;;5050;31;;;;;5049.0;0.0
1;66600;STARFRUIT;5043;31;;;;;5050;31;;;;;5046.5;0.0
1;66600;AMETHYSTS;10002;3;9998;1;9996;2;10004;2;10005;29;;;10003.0;0.0
1;66700;STARFRUIT;5045;5;5044;26;;;5050;1;5051;25;;;5047.5;0.0
1;66700;AMETHYSTS;9996;1;9995;25;;;10004;1;10005;25;;;10000.0;0.0
1;66800;STARFRUIT;5044;26;;;;;5051;26;;;;;5047.5;0.0
1;66800;AMETHYSTS;9996;1;9995;25;;;10004;1;10005;25;;;10000.0;0.0
1;66900;AMETHYSTS;9995;20;;;;;10005;20;;;;;10000.0;0.0
1;66900;STARFRUIT;5045;3;5044;20;;;5051;20;;;;;5048.0;0.0
1;67000;STARFRUIT;5044;24;;;;;5051;24;;;;;5047.5;0.0
1;67000;AMETHYSTS;9998;1;9996;2;9995;22;10004;2;10005;22;;;10001.0;0.0
1;67100;STARFRUIT;5044;26;;;;;5051;26;;;;;5047.5;0.0
1;67100;AMETHYSTS;9996;1;9995;25;;;10004;1;10005;25;;;10000.0;0.0
1;67200;STARFRUIT;5044;23;;;;;5049;6;5051;23;;;5046.5;0.0
1;67200;AMETHYSTS;9995;23;;;;;10005;23;;;;;10000.0;0.0
1;67300;AMETHYSTS;9996;1;9995;21;;;10004;1;10005;21;;;10000.0;0.0
1;67300;STARFRUIT;5045;1;5044;22;;;5050;1;5051;21;;;5047.5;0.0
1;67400;STARFRUIT;5044;9;5043;28;;;5050;29;;;;;5047.0;0.0
1;67400;AMETHYSTS;9996;1;9995;28;;;10004;1;10005;28;;;10000.0;0.0
1;67500;STARFRUIT;5043;22;;;;;5050;22;;;;;5046.5;0.0
1;67500;AMETHYSTS;9995;22;;;;;10005;22;;;;;10000.0;0.0
1;67600;AMETHYSTS;9996;1;9995;25;;;10004;1;10005;25;;;10000.0;0.0
1;67600;STARFRUIT;5044;26;;;;;5051;26;;;;;5047.5;0.0
1;67700;STARFRUIT;5045;23;;;;;5048;3;5051;2;5052;21;5046.5;0.0
1;67700;AMETHYSTS;9996;2;9995;21;;;10000;3;10004;2;10005;21;9998.0;0.0
1;67800;STARFRUIT;5046;6;5045;32;;;5051;2;5052;30;;;5048.5;0.0
1;67800;AMETHYSTS;9996;2;9995;30;;;10004;2;10005;30;;;10000.0;0.0
1;67900;STARFRUIT;5044;26;;;;;5051;26;;;;;5047.5;0.0
1;67900;AMETHYSTS;9995;26;;;;;10005;26;;;;;10000.0;0.0
1;68000;AMETHYSTS;9995;25;;;;;10002;5;10005;25;;;9998.5;0.0
1;68000;STARFRUIT;5049;1;5044;25;;;5051;25;;;;;5050.0;0.0
1;68100;STARFRUIT;5044;7;5043;27;;;5050;27;;;;;5047.0;0.0
1;68100;AMETHYSTS;9996;1;9995;26;;;10002;8;10004;1;10005;26;9999.0;0.0
1;68200;STARFRUIT;5043;24;;;;;5050;24;;;;;5046.5;0.0
1;68200;AMETHYSTS;9996;1;9995;23;;;9998;1;10004;1;10005;23;9997.0;0.0
1;68300;STARFRUIT;5043;26;;;;;5050;26;;;;;5046.5;0.0
1;68300;AMETHYSTS;9996;1;9995;25;;;10002;4;10004;1;10005;25;9999.0;0.0
1;68400;AMETHYSTS;10002;1;9996;1;9995;30;10004;1;10005;30;;;10003.0;0.0
1;68400;STARFRUIT;5044;1;5043;30;;;5050;1;5051;30;;;5047.0;0.0
1;68500;STARFRUIT;5043;23;;;;;5048;5;5050;23;;;5045.5;0.0
1;68500;AMETHYSTS;9996;1;9995;22;;;10004;1;10005;22;;;10000.0;0.0
1;68600;STARFRUIT;5043;27;;;;;5050;27;;;;;5046.5;0.0
1;68600;AMETHYSTS;9995;27;;;;;9998;1;10005;27;;;9996.5;0.0
1;68700;STARFRUIT;5044;2;5043;20;;;5050;22;;;;;5047.0;0.0
1;68700;AMETHYSTS;9998;10;9996;2;9995;20;10004;2;10005;20;;;10001.0;0.0
1;68800;AMETHYSTS;9996;1;9995;30;;;10000;6;10002;1;10004;1;9998.0;0.0
1;68800;STARFRUIT;5044;1;5043;30;;;5046;6;5050;31;;;5045.0;0.0
1;68900;STARFRUIT;5044;25;;;;;5051;25;;;;;5047.5;0.0
1;68900;AMETHYSTS;9998;3;9996;2;9995;23;10004;2;10005;23;;;10001.0;0.0
1;69000;STARFRUIT;5045;1;5044;27;;;5051;28;;;;;5048.0;0.0
1;69000;AMETHYSTS;9996;1;9995;27;;;10004;1;10005;27;;;10000.0;0.0
1;69100;STARFRUIT;5045;1;5044;26;;;5051;26;;;;;5048.0;0.0
1;69100;AMETHYSTS;9996;1;9995;25;;;10004;1;10005;25;;;10000.0;0.0
1;69200;AMETHYSTS;9996;1;9995;20;;;10002;8;10004;1;10005;20;9999.0;0.0
1;69200;STARFRUIT;5045;1;5044;20;;;5051;21;;;;;5048.0;0.0
1;69300;STARFRUIT;5045;24;;;;;5052;24;;;;;5048.5;0.0
1;69300;AMETHYSTS;9996;1;9995;23;;;10004;1;10005;23;;;10000.0;0.0
1;69400;STARFRUIT;5046;4;5045;22;;;5052;22;;;;;5049.0;0.0
1;69400;AMETHYSTS;9995;22;;;;;10005;22;;;;;10000.0;0.0
1;69500;STARFRUIT;5046;2;5045;31;;;5052;31;;;;;5049.0;0.0
1;69500;AMETHYSTS;9996;1;9995;30;;;10002;8;10004;1;10005;30;9999.0;0.0
1;69600;AMETHYSTS;9996;2;9995;25;;;10004;2;10005;25;;;10000.0;0.0
1;69600;STARFRUIT;5045;2;5044;25;;;5051;27;;;;;5048.0;0.0
1;69700;STARFRUIT;5045;2;5044;24;;;5051;26;;;;;5048.0;0.0
1;69700;AMETHYSTS;10002;1;9996;2;9995;24;10004;2;10005;24;;;10003.0;0.0
1;69800;AMETHYSTS;9996;1;9995;22;;;10004;1;10005;22;;;10000.0;0.0
1;69800;STARFRUIT;5044;22;;;;;5051;23;;;;;5047.5;0.0
1;69900;AMETHYSTS;10002;1;9998;10;9996;2;10004;2;10005;24;;;10003.0;0.0
1;69900;STARFRUIT;5044;26;;;;;5051;26;;;;;5047.5;0.0
1;70000;AMETHYSTS;9996;2;9995;28;;;10004;2;10005;28;;;10000.0;0.0
1;70000;STARFRUIT;5044;2;5043;28;;;5050;2;5051;28;;;5047.0;0.0
1;70100;STARFRUIT;5043;26;;;;;5050;27;;;;;5046.5;0.0
1;70100;AMETHYSTS;10002;1;9995;27;;;10005;27;;;;;10003.5;0.0
1;70200;AMETHYSTS;9996;2;9995;28;;;10004;2;10005;28;;;10000.0;0.0
1;70200;STARFRUIT;5043;30;;;;;5050;30;;;;;5046.5;0.0
1;70300;AMETHYSTS;9998;10;9996;1;9995;24;10004;1;10005;24;;;10001.0;0.0
1;70300;STARFRUIT;5043;5;5042;24;;;5049;25;;;;;5046.0;0.0
1;70400;AMETHYSTS;10002;13;9996;2;9995;29;10004;2;10005;29;;;10003.0;0.0
1;70400;STARFRUIT;5043;2;5042;29;;;5049;31;;;;;5046.0;0.0
1;70500;STARFRUIT;5042;21;;;;;5044;3;5049;21;;;5043.0;0.0
1;70500;AMETHYSTS;10002;1;9995;21;;;10005;21;;;;;10003.5;0.0
1;70600;AMETHYSTS;10002;1;10000;3;9996;1;10004;1;10005;22;;;10003.0;0.0
1;70600;STARFRUIT;5045;2;5043;1;5042;22;5049;23;;;;;5047.0;0.0
1;70700;AMETHYSTS;9995;27;;;;;10005;27;;;;;10000.0;0.0
1;70700;STARFRUIT;5043;27;;;;;5050;27;;;;;5046.5;0.0
1;70800;AMETHYSTS;9996;2;9995;20;;;9998;5;10002;8;10004;2;9997.0;0.0
1;70800;STARFRUIT;5043;22;;;;;5049;2;5050;20;;;5046.0;0.0
1;70900;STARFRUIT;5042;21;;;;;5043;1;5049;21;;;5042.5;0.0
1;70900;AMETHYSTS;9995;21;;;;;10005;21;;;;;10000.0;0.0
1;71000;AMETHYSTS;9996;2;9995;28;;;9998;3;10004;2;10005;28;9997.0;0.0
1;71000;STARFRUIT;5043;30;;;;;5048;1;5049;2;5050;28;5045.5;0.0
1;71100;AMETHYSTS;9998;4;9995;30;;;10005;30;;;;;10001.5;0.0
1;71100;STARFRUIT;5043;6;5042;30;;;5050;30;;;;;5046.5;0.0
1;71200;AMETHYSTS;9996;1;9995;27;;;9998;1;10004;1;10005;27;9997.0;0.0
1;71200;STARFRUIT;5043;28;;;;;5050;28;;;;;5046.5;0.0
1;71300;STARFRUIT;5044;2;5043;28;;;5048;8;5050;30;;;5046.0;0.0
1;71300;AMETHYSTS;9996;2;9995;28;;;10004;2;10005;28;;;10000.0;0.0
1;71400;AMETHYSTS;10002;2;9996;2;9995;25;10004;2;10005;25;;;10003.0;0.0
1;71400;STARFRUIT;5044;27;;;;;5049;6;5051;27;;;5046.5;0.0
1;71500;AMETHYSTS;9995;26;;;;;10005;26;;;;;10000.0;0.0
1;71500;STARFRUIT;5043;26;;;;;5049;5;5051;26;;;5046.0;0.0
1;71600;AMETHYSTS;9998;7;9996;2;9995;29;10004;2;10005;29;;;10001.0;0.0
1;71600;STARFRUIT;5044;2;5043;29;;;5050;31;;;;;5047.0;0.0
1;71700;STARFRUIT;5043;26;;;;;5050;26;;;;;5046.5;0.0
1;71700;AMETHYSTS;9996;1;9995;25;;;9998;1;10004;1;10005;25;9997.0;0.0
1;71800;AMETHYSTS;9995;22;;;;;9998;1;10005;22;;;9996.5;0.0
1;71800;STARFRUIT;5043;22;;;;;5050;22;;;;;5046.5;0.0
1;71900;AMETHYSTS;9996;2;9995;28;;;10004;2;10005;28;;;10000.0;0.0
1;71900;STARFRUIT;5043;30;;;;;5050;30;;;;;5046.5;0.0
1;72000;STARFRUIT;5044;1;5043;23;;;5050;24;;;;;5047.0;0.0
1;72000;AMETHYSTS;9998;2;9996;1;9995;23;10004;1;10005;23;;;10001.0;0.0
1;72100;STARFRUIT;5043;26;;;;;5050;26;;;;;5046.5;0.0
1;72100;AMETHYSTS;9996;2;9995;24;;;9998;1;10004;2;10005;24;9997.0;0.0
1;72200;STARFRUIT;5044;25;;;;;5051;25;;;;;5047.5;0.0
1;72200;AMETHYSTS;9995;25;;;;;9998;1;10005;25;;;9996.5;0.0
1;72300;AMETHYSTS;9996;1;9995;22;;;10004;1;10005;22;;;10000.0;0.0
1;72300;STARFRUIT;5043;23;;;;;5048;3;5050;23;;;5045.5;0.0
1;72400;STARFRUIT;5043;25;;;;;5050;25;;;;;5046.5;0.0
1;72400;AMETHYSTS;9995;25;;;;;10005;25;;;;;10000.0;0.0
1;72500;STARFRUIT;5046;4;5044;2;5043;20;5050;22;;;;;5048.0;0.0
1;72500;AMETHYSTS;10000;4;9996;2;9995;20;10004;2;10005;20;;;10002.0;0.0
1;72600;STARFRUIT;5043;28;;;;;5051;28;;;;;5047.0;0.0
1;72600;AMETHYSTS;9998;8;9995;28;;;10005;28;;;;;10001.5;0.0
1;72700;AMETHYSTS;9995;28;;;;;10005;28;;;;;10000.0;0.0
1;72700;STARFRUIT;5043;28;;;;;5050;28;;;;;5046.5;0.0
1;72800;STARFRUIT;5044;29;;;;;5045;8;5051;29;;;5044.5;0.0
1;72800;AMETHYSTS;9996;2;9995;27;;;10004;2;10005;27;;;10000.0;0.0
1;72900;STARFRUIT;5045;2;5044;23;;;5051;23;;;;;5048.0;0.0
1;72900;AMETHYSTS;9996;1;9995;22;;;10002;4;10004;1;10005;22;9999.0;0.0
1;73000;STARFRUIT;5044;21;;;;;5049;8;5051;21;;;5046.5;0.0
1;73000;AMETHYSTS;9995;21;;;;;10005;21;;;;;10000.0;0.0
1;73100;AMETHYSTS;9996;1;9995;27;;;10002;7;10004;1;10005;27;9999.0;0.0
1;73100;STARFRUIT;5045;28;;;;;5050;3;5051;1;5052;27;5047.5;0.0
1;73200;STARFRUIT;5045;24;;;;;5052;24;;;;;5048.5;0.0
1;73200;AMETHYSTS;9996;1;9995;23;;;10002;7;10004;1;10005;23;9999.0;0.0
1;73300;STARFRUIT;5045;25;;;;;5052;25;;;;;5048.5;0.0
1;73300;AMETHYSTS;9996;2;9995;23;;;10004;2;10005;23;;;10000.0;0.0
1;73400;STARFRUIT;5045;30;;;;;5052;30;;;;;5048.5;0.0
1;73400;AMETHYSTS;9995;30;;;;;10002;6;10005;30;;;9998.5;0.0
1;73500;AMETHYSTS;9998;6;9996;1;9995;24;10004;1;10005;24;;;10001.0;0.0
1;73500;STARFRUIT;5045;25;;;;;5052;25;;;;;5048.5;0.0
1;73600;STARFRUIT;5045;30;;;;;5052;30;;;;;5048.5;0.0
1;73600;AMETHYSTS;9995;30;;;;;9998;1;10005;30;;;9996.5;0.0
1;73700;STARFRUIT;5045;25;;;;;5052;25;;;;;5048.5;0.0
1;73700;AMETHYSTS;10002;4;9995;25;;;10005;25;;;;;10003.5;0.0
1;73800;STARFRUIT;5045;22;;;;;5052;22;;;;;5048.5;0.0
1;73800;AMETHYSTS;9998;1;9996;1;9995;21;10004;1;10005;21;;;10001.0;0.0
1;73900;AMETHYSTS;9995;27;;;;;10005;27;;;;;10000.0;0.0
1;73900;STARFRUIT;5045;27;;;;;5052;27;;;;;5048.5;0.0
1;74000;STARFRUIT;5047;6;5045;7;5044;29;5051;29;;;;;5049.0;0.0
1;74000;AMETHYSTS;10000;5;9996;2;9995;27;10004;2;10005;27;;;10002.0;0.0
1;74100;STARFRUIT;5048;3;5044;24;;;5051;24;;;;;5049.5;0.0
1;74100;AMETHYSTS;9998;5;9996;1;9995;23;10004;1;10005;23;;;10001.0;0.0
1;74200;STARFRUIT;5044;31;;;;;5049;7;5051;31;;;5046.5;0.0
1;74200;AMETHYSTS;9996;1;9995;30;;;10002;1;10004;1;10005;30;9999.0;0.0
1;74300;AMETHYSTS;9998;6;9996;1;9995;26;10004;1;10005;26;;;10001.0;0.0
1;74300;STARFRUIT;5044;27;;;;;5049;3;5051;27;;;5046.5;0.0
1;74400;STARFRUIT;5044;23;;;;;5051;23;;;;;5047.5;0.0
1;74400;AMETHYSTS;9996;2;9995;21;;;10004;2;10005;21;;;10000.0;0.0
1;74500;STARFRUIT;5049;1;5048;3;5044;26;5050;2;5051;24;;;5049.5;0.0
1;74500;AMETHYSTS;9996;2;9995;24;;;10004;2;10005;24;;;10000.0;0.0
1;74600;STARFRUIT;5045;1;5044;29;;;5051;29;;;;;5048.0;0.0
1;74600;AMETHYSTS;9996;2;9995;27;;;9998;2;10004;2;10005;27;9997.0;0.0
1;74700;AMETHYSTS;9996;1;9995;26;;;10004;1;10005;26;;;10000.0;0.0
1;74700;STARFRUIT;5044;27;;;;;5051;27;;;;;5047.5;0.0
1;74800;STARFRUIT;5045;1;5044;26;;;5050;2;5051;24;;;5047.5;0.0
1;74800;AMETHYSTS;9996;2;9995;24;;;10004;2;10005;24;;;10000.0;0.0
1;74900;STARFRUIT;5044;28;;;;;5051;28;;;;;5047.5;0.0
1;74900;AMETHYSTS;9996;1;9995;27;;;10004;1;10005;27;;;10000.0;0.0
1;75000;STARFRUIT;5044;22;;;;;5051;22;;;;;5047.5;0.0
1;75000;AMETHYSTS;9996;1;9995;21;;;9998;4;10004;1;10005;21;9997.0;0.0
1;75100;AMETHYSTS;9996;2;9995;26;;;10002;8;10004;2;10005;26;9999.0;0.0
1;75100;STARFRUIT;5045;28;;;;;5052;28;;;;;5048.5;0.0
1;75200;STARFRUIT;5046;7;5045;31;;;5051;1;5052;30;;;5048.5;0.0
1;75200;AMETHYSTS;9996;1;9995;30;;;10004;1;10005;30;;;10000.0;0.0
1;75300;STARFRUIT;5044;27;;;;;5051;27;;;;;5047.5;0.0
1;75300;AMETHYSTS;9998;7;9996;1;9995;26;10004;1;10005;26;;;10001.0;0.0
1;75400;STARFRUIT;5044;25;;;;;5051;25;;;;;5047.5;0.0
1;75400;AMETHYSTS;9995;25;;;;;10005;25;;;;;10000.0;0.0
1;75500;AMETHYSTS;9996;1;9995;22;;;10004;1;10005;22;;;10000.0;0.0
1;75500;STARFRUIT;5044;23;;;;;5051;23;;;;;5047.5;0.0
1;75600;STARFRUIT;5044;2;5043;23;;;5050;2;5051;23;;;5047.0;0.0
1;75600;AMETHYSTS;9996;2;9995;23;;;9998;9;10004;2;10005;23;9997.0;0.0
1;75700;STARFRUIT;5049;1;5043;27;;;5050;27;;;;;5049.5;0.0
1;75700;AMETHYSTS;9996;2;9995;25;;;10004;2;10005;25;;;10000.0;0.0
1;75800;STARFRUIT;5049;1;5044;1;5043;28;5050;28;;;;;5049.5;0.0
1;75800;AMETHYSTS;9996;2;9995;26;;;10002;3;10004;2;10005;26;9999.0;0.0
1;75900;AMETHYSTS;9996;2;9995;22;;;10004;2;10005;22;;;10000.0;0.0
1;75900;STARFRUIT;5043;24;;;;;5048;3;5050;24;;;5045.5;0.0
1;76000;STARFRUIT;5043;4;5042;30;;;5049;31;;;;;5046.0;0.0
1;76000;AMETHYSTS;9998;8;9996;1;9995;30;10004;1;10005;30;;;10001.0;0.0
1;76100;STARFRUIT;5042;28;;;;;5049;28;;;;;5045.5;0.0
1;76100;AMETHYSTS;10002;1;9995;28;;;10005;28;;;;;10003.5;0.0
1;76200;STARFRUIT;5042;28;;;;;5049;28;;;;;5045.5;0.0
1;76200;AMETHYSTS;9998;9;9995;28;;;10005;28;;;;;10001.5;0.0
1;76300;AMETHYSTS;9998;7;9996;1;9995;21;10004;1;10005;21;;;10001.0;0.0
1;76300;STARFRUIT;5043;22;;;;;5050;22;;;;;5046.5;0.0
1;76400;STARFRUIT;5044;8;5043;28;;;5050;28;;;;;5047.0;0.0
1;76400;AMETHYSTS;9995;28;;;;;10005;28;;;;;10000.0;0.0
1;76500;STARFRUIT;5046;2;5043;28;;;5050;28;;;;;5048.0;0.0
1;76500;AMETHYSTS;10000;2;9995;28;;;10005;28;;;;;10002.5;0.0
1;76600;AMETHYSTS;9995;29;;;;;10005;29;;;;;10000.0;0.0
1;76600;STARFRUIT;5043;29;;;;;5050;29;;;;;5046.5;0.0
1;76700;STARFRUIT;5042;30;;;;;5048;1;5049;30;;;5045.0;0.0
1;76700;AMETHYSTS;9998;9;9996;1;9995;30;10004;1;10005;30;;;10001.0;0.0
1;76800;STARFRUIT;5042;25;;;;;5049;25;;;;;5045.5;0.0
1;76800;AMETHYSTS;9995;25;;;;;10002;6;10005;25;;;9998.5;0.0
1;76900;STARFRUIT;5043;5;5042;29;;;5049;29;;;;;5046.0;0.0
1;76900;AMETHYSTS;9998;3;9996;2;9995;27;10004;2;10005;27;;;10001.0;0.0
1;77000;AMETHYSTS;9995;28;;;;;10005;28;;;;;10000.0;0.0
1;77000;STARFRUIT;5042;28;;;;;5047;4;5049;28;;;5044.5;0.0
1;77100;STARFRUIT;5047;5;5043;1;5042;22;5049;22;;;;;5048.0;0.0
1;77100;AMETHYSTS;9998;10;9995;22;;;10005;22;;;;;10001.5;0.0
1;77200;STARFRUIT;5042;30;;;;;5049;30;;;;;5045.5;0.0
1;77200;AMETHYSTS;9995;30;;;;;10005;30;;;;;10000.0;0.0
1;77300;STARFRUIT;5042;25;;;;;5049;26;;;;;5045.5;0.0
1;77300;AMETHYSTS;9998;4;9996;1;9995;25;10004;1;10005;25;;;10001.0;0.0
1;77400;AMETHYSTS;9996;2;9995;27;;;10004;2;10005;27;;;10000.0;0.0
1;77400;STARFRUIT;5042;2;5041;27;;;5046;3;5048;29;;;5044.0;0.0
1;77500;STARFRUIT;5042;1;5041;23;;;5048;24;;;;;5045.0;0.0
1;77500;AMETHYSTS;9996;1;9995;23;;;10004;1;10005;23;;;10000.0;0.0
1;77600;STARFRUIT;5041;30;;;;;5048;30;;;;;5044.5;0.0
1;77600;AMETHYSTS;9998;3;9995;30;;;10005;30;;;;;10001.5;0.0
1;77700;STARFRUIT;5041;31;;;;;5048;31;;;;;5044.5;0.0
1;77700;AMETHYSTS;10002;1;9996;1;9995;30;10004;1;10005;30;;;10003.0;0.0
1;77800;AMETHYSTS;9998;2;9996;2;9995;29;10004;2;10005;29;;;10001.0;0.0
1;77800;STARFRUIT;5041;31;;;;;5048;31;;;;;5044.5;0.0
1;77900;STARFRUIT;5046;1;5041;26;;;5048;26;;;;;5047.0;0.0
1;77900;AMETHYSTS;9996;2;9995;24;;;9998;1;10002;7;10004;2;9997.0;0.0
1;78000;STARFRUIT;5040;21;;;;;5047;21;;;;;5043.5;0.0
1;78000;AMETHYSTS;9995;21;;;;;10005;21;;;;;10000.0;0.0
1;78100;STARFRUIT;5041;23;;;;;5048;24;;;;;5044.5;0.0
1;78100;AMETHYSTS;9995;24;;;;;10005;24;;;;;10000.0;0.0
1;78200;AMETHYSTS;10002;1;9995;24;;;10005;24;;;;;10003.5;0.0
1;78200;STARFRUIT;5046;1;5042;5;5041;24;5048;24;;;;;5047.0;0.0
1;78300;STARFRUIT;5041;25;;;;;5048;25;;;;;5044.5;0.0
1;78300;AMETHYSTS;9995;25;;;;;10005;25;;;;;10000.0;0.0
1;78400;STARFRUIT;5041;25;;;;;5048;25;;;;;5044.5;0.0
1;78400;AMETHYSTS;9995;25;;;;;10005;25;;;;;10000.0;0.0
1;78500;STARFRUIT;5043;4;5042;25;;;5049;25;;;;;5046.0;0.0
1;78500;AMETHYSTS;9996;2;9995;23;;;10004;2;10005;23;;;10000.0;0.0
1;78600;AMETHYSTS;9996;2;9995;23;;;10002;5;10004;2;10005;23;9999.0;0.0
1;78600;STARFRUIT;5042;2;5041;23;;;5046;3;5048;25;;;5044.0;0.0
1;78700;STARFRUIT;5042;1;5041;25;;;5048;26;;;;;5045.0;0.0
1;78700;AMETHYSTS;9996;1;9995;25;;;10004;1;10005;25;;;10000.0;0.0
1;78800;AMETHYSTS;9995;29;;;;;10005;29;;;;;10000.0;0.0
1;78800;STARFRUIT;5042;29;;;;;5049;29;;;;;5045.5;0.0
1;78900;AMETHYSTS;9996;1;9995;25;;;9998;1;10004;1;10005;25;9997.0;0.0
1;78900;STARFRUIT;5042;26;;;;;5048;1;5049;25;;;5045.0;0.0
1;79000;AMETHYSTS;9996;1;9995;21;;;10004;1;10005;21;;;10000.0;0.0
1;79000;STARFRUIT;5042;7;5041;22;;;5048;22;;;;;5045.0;0.0
1;79100;STARFRUIT;5041;20;;;;;5048;20;;;;;5044.5;0.0
1;79100;AMETHYSTS;9995;20;;;;;9998;5;10005;20;;;9996.5;0.0
1;79200;AMETHYSTS;9996;2;9995;24;;;10002;9;10004;2;10005;24;9999.0;0.0
1;79200;STARFRUIT;5041;2;5040;24;;;5047;26;;;;;5044.0;0.0
1;79300;AMETHYSTS;9996;1;9995;20;;;10004;1;10005;20;;;10000.0;0.0
1;79300;STARFRUIT;5041;5;5040;21;;;5047;21;;;;;5044.0;0.0
1;79400;AMETHYSTS;9995;29;;;;;10005;29;;;;;10000.0;0.0
1;79400;STARFRUIT;5041;4;5040;29;;;5047;29;;;;;5044.0;0.0
1;79500;STARFRUIT;5045;7;5041;2;5040;26;5047;28;;;;;5046.0;0.0
1;79500;AMETHYSTS;9996;2;9995;26;;;10004;2;10005;26;;;10000.0;0.0
1;79600;AMETHYSTS;9996;2;9995;23;;;10002;4;10004;2;10005;23;9999.0;0.0
1;79600;STARFRUIT;5041;25;;;;;5046;3;5048;25;;;5043.5;0.0
1;79700;AMETHYSTS;9995;25;;;;;10005;25;;;;;10000.0;0.0
1;79700;STARFRUIT;5042;25;;;;;5049;25;;;;;5045.5;0.0
1;79800;AMETHYSTS;9995;25;;;;;10005;25;;;;;10000.0;0.0
1;79800;STARFRUIT;5042;25;;;;;5049;25;;;;;5045.5;0.0
1;79900;STARFRUIT;5043;3;5042;29;;;5049;29;;;;;5046.0;0.0
1;79900;AMETHYSTS;9996;1;9995;28;;;10002;6;10004;1;10005;28;9999.0;0.0
1;80000;AMETHYSTS;9996;2;9995;24;;;10004;2;10005;24;;;10000.0;0.0
1;80000;STARFRUIT;5042;1;5041;24;;;5048;26;;;;;5045.0;0.0
1;80100;AMETHYSTS;9996;1;9995;21;;;10004;1;10005;21;;;10000.0;0.0
1;80100;STARFRUIT;5042;22;;;;;5048;1;5049;21;;;5045.0;0.0
1;80200;AMETHYSTS;9995;22;;;;;10005;22;;;;;10000.0;0.0
1;80200;STARFRUIT;5042;22;;;;;5049;22;;;;;5045.5;0.0
1;80300;STARFRUIT;5041;21;;;;;5044;6;5048;21;;;5042.5;0.0
1;80300;AMETHYSTS;9996;1;9995;20;;;10000;6;10004;1;10005;20;9998.0;0.0
1;80400;AMETHYSTS;9996;2;9995;23;;;10004;2;10005;23;;;10000.0;0.0
1;80400;STARFRUIT;5042;2;5041;23;;;5048;2;5049;23;;;5045.0;0.0
1;80500;AMETHYSTS;9996;1;9995;21;;;9998;1;10004;1;10005;21;9997.0;0.0
1;80500;STARFRUIT;5042;22;;;;;5043;2;5049;22;;;5042.5;0.0
1;80600;AMETHYSTS;9996;1;9995;30;;;10004;1;10005;30;;;10000.0;0.0
1;80600;STARFRUIT;5042;31;;;;;5047;2;5048;1;5049;30;5044.5;0.0
1;80700;STARFRUIT;5042;24;;;;;5048;2;5049;22;;;5045.0;0.0
1;80700;AMETHYSTS;9998;3;9996;2;9995;22;10004;2;10005;22;;;10001.0;0.0
1;80800;AMETHYSTS;9996;2;9995;22;;;10002;5;10004;2;10005;22;9999.0;0.0
1;80800;STARFRUIT;5042;24;;;;;5047;6;5048;2;5049;22;5044.5;0.0
1;80900;AMETHYSTS;9996;1;9995;27;;;10002;7;10004;1;10005;27;9999.0;0.0
1;80900;STARFRUIT;5041;28;;;;;5046;6;5048;28;;;5043.5;0.0
1;81000;STARFRUIT;5041;31;;;;;5047;1;5048;30;;;5044.0;0.0
1;81000;AMETHYSTS;9996;1;9995;30;;;10004;1;10005;30;;;10000.0;0.0
1;81100;STARFRUIT;5042;2;5041;22;;;5048;2;5049;22;;;5045.0;0.0
1;81100;AMETHYSTS;9996;2;9995;22;;;10004;2;10005;22;;;10000.0;0.0
1;81200;STARFRUIT;5042;1;5041;28;;;5048;1;5049;28;;;5045.0;0.0
1;81200;AMETHYSTS;9996;1;9995;28;;;10002;4;10004;1;10005;28;9999.0;0.0
1;81300;AMETHYSTS;10002;1;9996;2;9995;28;10004;2;10005;28;;;10003.0;0.0
1;81300;STARFRUIT;5046;1;5041;30;;;5048;30;;;;;5047.0;0.0
1;81400;STARFRUIT;5041;22;;;;;5048;22;;;;;5044.5;0.0
1;81400;AMETHYSTS;9996;1;9995;21;;;10004;1;10005;21;;;10000.0;0.0
1;81500;STARFRUIT;5042;22;;;;;5049;22;;;;;5045.5;0.0
1;81500;AMETHYSTS;9998;2;9995;22;;;10005;22;;;;;10001.5;0.0
1;81600;STARFRUIT;5042;28;;;;;5049;28;;;;;5045.5;0.0
1;81600;AMETHYSTS;10002;1;9995;28;;;10005;28;;;;;10003.5;0.0
1;81700;AMETHYSTS;9996;2;9995;24;;;10004;2;10005;24;;;10000.0;0.0
1;81700;STARFRUIT;5042;26;;;;;5048;2;5049;24;;;5045.0;0.0
