day;timestamp;product;bid_price_1;bid_volume_1;bid_price_2;bid_volume_2;bid_price_3;bid_volume_3;ask_price_1;ask_volume_1;ask_price_2;ask_volume_2;ask_price_3;ask_volume_3;mid_price;profit_and_loss
0;0;CHOCOLATE;7999;111;;;;;8001;111;;;;;8000.0;0.0
0;0;STRAWBERRIES;3999;210;;;;;4001;210;;;;;4000.0;0.0
0;0;ROSES;14999;72;;;;;15001;72;;;;;15000.0;0.0
0;0;GIFT_BASKET;71348;19;71347;24;;;71362;19;71363;24;;;71355.0;0.0
0;100;GIFT_BASKET;71344;1;71343;12;71342;20;71355;1;71356;12;71357;20;71349.5;0.0
0;100;CHOCOLATE;8001;52;8000;95;;;8002;147;;;;;8001.5;0.0
0;100;ROSES;14999;66;;;;;15001;66;;;;;15000.0;0.0
0;100;STRAWBERRIES;3999;265;;;;;4000;265;;;;;3999.5;0.0
0;200;ROSES;15000;61;;;;;15001;21;15002;40;;;15000.5;0.0
0;200;GIFT_BASKET;71344;4;71339;1;71338;14;71350;1;71351;14;71352;21;71347.0;0.0
0;200;CHOCOLATE;8000;152;;;;;8002;152;;;;;8001.0;0.0
0;200;STRAWBERRIES;3999;282;;;;;4000;282;;;;;3999.5;0.0
0;300;STRAWBERRIES;3999;218;;;;;4000;218;;;;;3999.5;0.0
0;300;ROSES;14999;69;;;;;15001;69;;;;;15000.0;0.0
0;300;GIFT_BASKET;71345;2;71343;11;71342;29;71356;2;71357;11;71358;29;71350.5;0.0
0;300;CHOCOLATE;8002;44;8001;84;;;8003;128;;;;;8002.5;0.0
0;400;CHOCOLATE;8001;118;;;;;8003;118;;;;;8002.0;0.0
0;400;STRAWBERRIES;3999;79;3998;190;;;4000;269;;;;;3999.5;0.0
0;400;ROSES;14997;62;;;;;14998;62;;;;;14997.5;0.0
0;400;GIFT_BASKET;71336;2;71335;13;71334;25;71347;2;71348;13;71349;25;71341.5;0.0
0;500;GIFT_BASKET;71338;2;71337;16;71336;30;71349;2;71350;16;71351;30;71343.5;0.0
0;500;CHOCOLATE;8001;98;;;;;8002;40;8003;58;;;8001.5;0.0
0;500;STRAWBERRIES;3999;163;;;;;4000;163;;;;;3999.5;0.0
0;500;ROSES;14996;30;14995;35;;;14997;65;;;;;14996.5;0.0
0;600;ROSES;14993;67;;;;;14994;67;;;;;14993.5;0.0
0;600;GIFT_BASKET;71343;2;71342;13;71341;21;71354;2;71355;13;71356;21;71348.5;0.0
0;600;CHOCOLATE;8001;109;;;;;8003;109;;;;;8002.0;0.0
0;600;STRAWBERRIES;3999;232;;;;;4000;69;4001;163;;;3999.5;0.0
0;700;STRAWBERRIES;3999;260;;;;;4000;74;4001;186;;;3999.5;0.0
0;700;ROSES;14993;56;;;;;14994;56;;;;;14993.5;0.0
0;700;GIFT_BASKET;71346;5;71340;16;71339;20;71353;16;71354;20;;;71349.5;0.0
0;700;CHOCOLATE;8003;52;8002;74;;;8004;52;8005;74;;;8003.5;0.0
0;800;CHOCOLATE;8002;94;;;;;8003;35;8004;59;;;8002.5;0.0
0;800;STRAWBERRIES;3999;59;3998;136;;;4000;195;;;;;3999.5;0.0
0;800;ROSES;14997;30;14996;42;;;14998;72;;;;;14997.5;0.0
0;800;GIFT_BASKET;71343;10;71342;30;;;71356;10;71357;30;;;71349.5;0.0
0;900;GIFT_BASKET;71341;2;71340;20;71339;26;71352;2;71353;20;71354;26;71346.5;0.0
0;900;CHOCOLATE;8002;94;;;;;8003;38;8004;56;;;8002.5;0.0
0;900;STRAWBERRIES;3999;168;;;;;4000;168;;;;;3999.5;0.0
0;900;ROSES;14995;67;;;;;14997;67;;;;;14996.0;0.0
0;1000;ROSES;14994;19;14993;50;;;14995;69;;;;;14994.5;0.0
0;1000;GIFT_BASKET;71349;2;71348;16;71347;19;71360;2;71361;16;71362;19;71354.5;0.0
0;1000;CHOCOLATE;8002;55;8001;67;;;8003;55;8004;67;;;8002.5;0.0
0;1000;STRAWBERRIES;3999;67;3998;175;;;4000;242;;;;;3999.5;0.0
0;1100;STRAWBERRIES;3999;215;;;;;4000;99;4001;116;;;3999.5;0.0
0;1100;ROSES;14995;65;;;;;14996;65;;;;;14995.5;0.0
0;1100;GIFT_BASKET;71353;2;71352;16;71351;16;71364;2;71365;16;71366;16;71358.5;0.0
0;1100;CHOCOLATE;8001;61;8000;99;;;8002;61;8003;99;;;8001.5;0.0
0;1200;CHOCOLATE;7998;113;;;;;7999;40;8000;73;;;7998.5;0.0
0;1200;STRAWBERRIES;3999;258;;;;;4000;258;;;;;3999.5;0.0
0;1200;ROSES;14996;67;;;;;14997;67;;;;;14996.5;0.0
0;1200;GIFT_BASKET;71338;2;71337;13;71336;24;71349;2;71350;13;71352;24;71343.5;0.0
0;1300;GIFT_BASKET;71349;1;71348;14;71347;29;71360;1;71361;14;71362;29;71354.5;0.0
0;1300;CHOCOLATE;8000;50;7999;63;;;8001;57;8002;63;;;8000.5;0.0
0;1300;STRAWBERRIES;3999;177;;;;;4001;177;;;;;4000.0;0.0
0;1300;ROSES;14996;78;;;;;14997;29;14998;49;;;14996.5;0.0
0;1400;ROSES;14994;24;14993;50;;;14995;74;;;;;14994.5;0.0
0;1400;GIFT_BASKET;71342;2;71341;15;71340;24;71353;2;71354;15;71355;24;71347.5;0.0
0;1400;CHOCOLATE;7999;135;;;;;8001;135;;;;;8000.0;0.0
0;1400;STRAWBERRIES;3999;99;3998;128;;;4000;227;;;;;3999.5;0.0
0;1500;STRAWBERRIES;3999;195;;;;;4001;195;;;;;4000.0;0.0
0;1500;ROSES;14993;64;;;;;14995;64;;;;;14994.0;0.0
0;1500;GIFT_BASKET;71347;2;71346;18;71345;18;71358;2;71359;18;71360;18;71352.5;0.0
0;1500;CHOCOLATE;7999;46;7998;90;;;8000;46;8001;90;;;7999.5;0.0
0;1600;STRAWBERRIES;3999;288;;;;;4000;89;4001;199;;;3999.5;0.0
0;1600;ROSES;14995;75;;;;;14997;75;;;;;14996.0;0.0
0;1600;CHOCOLATE;7998;149;;;;;7999;60;8000;89;;;7998.5;0.0
0;1600;GIFT_BASKET;71351;1;71350;10;71349;25;71362;1;71363;10;71364;25;71356.5;0.0
0;1700;GIFT_BASKET;71348;20;71347;17;;;71361;20;71362;17;;;71354.5;0.0
0;1700;STRAWBERRIES;3999;196;;;;;4000;196;;;;;3999.5;0.0
0;1700;CHOCOLATE;7998;42;7997;59;;;7999;42;8000;59;;;7998.5;0.0
0;1700;ROSES;14992;17;14991;40;;;14993;57;;;;;14992.5;0.0
0;1800;STRAWBERRIES;3999;250;;;;;4000;78;4001;172;;;3999.5;0.0
0;1800;ROSES;14990;56;;;;;14992;56;;;;;14991.0;0.0
0;1800;CHOCOLATE;7999;58;7998;78;;;8000;58;8001;78;;;7999.5;0.0
0;1800;GIFT_BASKET;71362;2;71361;12;71359;23;71373;2;71374;12;71375;23;71367.5;0.0
0;1900;CHOCOLATE;8001;58;8000;76;;;8002;58;8003;76;;;8001.5;0.0
0;1900;ROSES;14985;60;;;;;14986;60;;;;;14985.5;0.0
0;1900;GIFT_BASKET;71378;7;71373;2;71372;17;71384;2;71385;17;71386;19;71381.0;0.0
0;1900;STRAWBERRIES;4000;199;;;;;4001;199;;;;;4000.5;0.0
0;2000;STRAWBERRIES;4000;172;;;;;4001;172;;;;;4000.5;0.0
0;2000;ROSES;14981;64;;;;;14982;23;14983;41;;;14981.5;0.0
0;2000;CHOCOLATE;8001;112;;;;;8002;51;8003;61;;;8001.5;0.0
0;2000;GIFT_BASKET;71369;1;71368;14;71366;23;71380;1;71381;14;71382;23;71374.5;0.0
0;2100;GIFT_BASKET;71349;13;71348;29;;;71362;13;71363;29;;;71355.5;0.0
0;2100;STRAWBERRIES;4000;279;;;;;4001;279;;;;;4000.5;0.0
0;2100;CHOCOLATE;8000;56;7999;83;;;8001;139;;;;;8000.5;0.0
0;2100;ROSES;14976;69;;;;;14977;69;;;;;14976.5;0.0
0;2200;STRAWBERRIES;3999;192;;;;;4000;50;4001;142;;;3999.5;0.0
0;2200;ROSES;14975;54;;;;;14977;54;;;;;14976.0;0.0
0;2200;CHOCOLATE;7999;108;;;;;8001;108;;;;;8000.0;0.0
0;2200;GIFT_BASKET;71333;2;71332;15;71331;21;71344;2;71345;15;71346;21;71338.5;0.0
0;2300;CHOCOLATE;8000;53;7999;94;;;8001;147;;;;;8000.5;0.0
0;2300;ROSES;14972;24;14971;31;;;14973;55;;;;;14972.5;0.0
0;2300;GIFT_BASKET;71335;2;71334;18;71333;24;71346;2;71347;18;71348;24;71340.5;0.0
0;2300;STRAWBERRIES;3999;251;;;;;4001;251;;;;;4000.0;0.0
0;2400;STRAWBERRIES;3999;221;;;;;4001;221;;;;;4000.0;0.0
0;2400;ROSES;14972;69;;;;;14974;69;;;;;14973.0;0.0
0;2400;CHOCOLATE;8000;38;7999;65;;;8001;38;8002;65;;;8000.5;0.0
0;2400;GIFT_BASKET;71340;2;71339;13;71337;21;71351;2;71352;13;71353;21;71345.5;0.0
0;2500;GIFT_BASKET;71351;1;71350;15;71349;15;71362;1;71363;15;71364;15;71356.5;0.0
0;2500;STRAWBERRIES;4000;71;3999;118;;;4001;189;;;;;4000.5;0.0
0;2500;CHOCOLATE;8000;135;;;;;8002;135;;;;;8001.0;0.0
0;2500;ROSES;14973;47;;;;;14974;47;;;;;14973.5;0.0
0;2600;STRAWBERRIES;4000;239;;;;;4002;239;;;;;4001.0;0.0
0;2600;ROSES;14972;66;;;;;14974;66;;;;;14973.0;0.0
0;2600;CHOCOLATE;8002;130;;;;;8004;130;;;;;8003.0;0.0
0;2600;GIFT_BASKET;71359;15;71358;27;;;71372;15;71373;27;;;71365.5;0.0
0;2700;CHOCOLATE;8001;144;;;;;8002;61;8003;83;;;8001.5;0.0
0;2700;GIFT_BASKET;71344;1;71343;17;71341;20;71355;1;71356;17;71357;20;71349.5;0.0
0;2700;ROSES;14965;57;;;;;14967;57;;;;;14966.0;0.0
0;2700;STRAWBERRIES;4000;83;3999;187;;;4001;270;;;;;4000.5;0.0
0;2800;GIFT_BASKET;71337;20;71336;20;;;71350;20;71351;20;;;71343.5;0.0
0;2800;ROSES;14964;20;14963;49;;;14965;69;;;;;14964.5;0.0
0;2800;STRAWBERRIES;3999;226;;;;;4001;226;;;;;4000.0;0.0
0;2800;CHOCOLATE;8001;148;;;;;8003;148;;;;;8002.0;0.0
0;2900;STRAWBERRIES;4000;194;;;;;4001;194;;;;;4000.5;0.0
0;2900;CHOCOLATE;8002;103;;;;;8004;103;;;;;8003.0;0.0
0;2900;GIFT_BASKET;71342;2;71341;18;71340;28;71353;2;71354;18;71355;28;71347.5;0.0
0;2900;ROSES;14964;28;14963;41;;;14965;69;;;;;14964.5;0.0
0;3000;ROSES;14964;66;;;;;14965;66;;;;;14964.5;0.0
0;3000;STRAWBERRIES;4000;193;;;;;4002;193;;;;;4001.0;0.0
0;3000;CHOCOLATE;8002;44;8001;59;;;8003;44;8004;59;;;8002.5;0.0
0;3000;GIFT_BASKET;71330;2;71329;13;71328;26;71341;2;71342;13;71344;26;71335.5;0.0
0;3100;CHOCOLATE;8002;127;;;;;8003;46;8004;81;;;8002.5;0.0
0;3100;GIFT_BASKET;71332;2;71331;19;71330;29;71343;2;71344;19;71345;29;71337.5;0.0
0;3100;ROSES;14960;29;14959;40;;;14961;69;;;;;14960.5;0.0
0;3100;STRAWBERRIES;4001;81;4000;141;;;4002;222;;;;;4001.5;0.0
0;3200;GIFT_BASKET;71330;2;71328;12;71327;22;71340;2;71342;12;71343;22;71335.0;0.0
0;3200;ROSES;14958;66;;;;;14959;22;14960;44;;;14958.5;0.0
0;3200;STRAWBERRIES;4000;236;;;;;4002;236;;;;;4001.0;0.0
0;3200;CHOCOLATE;8003;137;;;;;8005;137;;;;;8004.0;0.0
0;3300;STRAWBERRIES;4000;249;;;;;4001;249;;;;;4000.5;0.0
0;3300;CHOCOLATE;8004;49;8003;74;;;8005;49;8006;74;;;8004.5;0.0
0;3300;GIFT_BASKET;71327;2;71326;10;71325;26;71338;2;71339;10;71340;26;71332.5;0.0
0;3300;ROSES;14955;76;;;;;14957;76;;;;;14956.0;0.0
0;3400;ROSES;14953;60;;;;;14954;15;14955;45;;;14953.5;0.0
0;3400;STRAWBERRIES;4000;83;3999;195;;;4001;278;;;;;4000.5;0.0
0;3400;CHOCOLATE;8003;42;8002;83;;;8004;120;;;;;8003.5;0.0
0;3400;GIFT_BASKET;71320;2;71319;10;71318;15;71331;2;71332;10;71333;15;71325.5;0.0
0;3500;CHOCOLATE;8003;107;;;;;8005;107;;;;;8004.0;0.0
0;3500;GIFT_BASKET;71329;2;71328;10;71327;18;71341;10;71342;18;;;71335.0;0.0
0;3500;ROSES;14956;59;;;;;14957;18;14958;41;;;14956.5;0.0
0;3500;STRAWBERRIES;4000;55;3999;114;;;4001;176;;;;;4000.5;0.0
0;3600;GIFT_BASKET;71319;16;71318;21;;;71332;16;71333;21;;;71325.5;0.0
0;3600;ROSES;14954;60;;;;;14955;60;;;;;14954.5;0.0
0;3600;STRAWBERRIES;4000;238;;;;;4001;230;;;;;4000.5;0.0
0;3600;CHOCOLATE;8003;142;;;;;8005;142;;;;;8004.0;0.0
0;3700;STRAWBERRIES;4000;180;;;;;4001;180;;;;;4000.5;0.0
0;3700;CHOCOLATE;8002;132;;;;;8004;132;;;;;8003.0;0.0
0;3700;ROSES;14954;28;14953;47;;;14955;75;;;;;14954.5;0.0
0;3700;GIFT_BASKET;71325;2;71324;10;71323;28;71336;2;71337;10;71338;28;71330.5;0.0
0;3800;ROSES;14956;54;;;;;14957;24;14958;30;;;14956.5;0.0
0;3800;STRAWBERRIES;4000;168;;;;;4001;50;4002;118;;;4000.5;0.0
0;3800;CHOCOLATE;8001;110;;;;;8003;110;;;;;8002.0;0.0
0;3800;GIFT_BASKET;71339;5;71328;1;71327;11;71340;11;71341;24;;;71339.5;0.0
0;3900;CHOCOLATE;8001;43;8000;95;;;8002;43;8003;95;;;8001.5;0.0
0;3900;ROSES;14954;66;;;;;14956;66;;;;;14955.0;0.0
0;3900;GIFT_BASKET;71333;6;71327;10;71326;27;71340;10;71341;27;;;71336.5;0.0
0;3900;STRAWBERRIES;4000;215;;;;;4001;95;4002;120;;;4000.5;0.0
0;4000;GIFT_BASKET;71327;2;71326;13;71325;18;71338;2;71339;13;71341;18;71332.5;0.0
0;4000;ROSES;14954;48;;;;;14955;18;14956;30;;;14954.5;0.0
0;4000;STRAWBERRIES;4000;238;;;;;4001;238;;;;;4000.5;0.0
0;4000;CHOCOLATE;8002;138;;;;;8004;138;;;;;8003.0;0.0
0;4100;STRAWBERRIES;4000;223;;;;;4001;223;;;;;4000.5;0.0
0;4100;CHOCOLATE;8000;145;;;;;8002;145;;;;;8001.0;0.0
0;4100;ROSES;14954;57;;;;;14956;57;;;;;14955.0;0.0
0;4100;GIFT_BASKET;71311;1;71310;19;71309;15;71322;1;71323;19;71324;15;71316.5;0.0
0;4200;ROSES;14955;22;14954;34;;;14956;56;;;;;14955.5;0.0
0;4200;STRAWBERRIES;3999;200;;;;;4000;94;4001;106;;;3999.5;0.0
0;4200;CHOCOLATE;8000;130;;;;;8002;130;;;;;8001.0;0.0
0;4200;GIFT_BASKET;71298;2;71297;12;71296;22;71309;2;71310;12;71311;22;71303.5;0.0
0;4300;CHOCOLATE;7998;39;7997;65;;;7999;39;8000;65;;;7998.5;0.0
0;4300;ROSES;14951;67;;;;;14952;18;14953;49;;;14951.5;0.0
0;4300;GIFT_BASKET;71281;2;71280;10;71279;18;71292;2;71293;10;71294;18;71286.5;0.0
0;4300;STRAWBERRIES;3999;170;;;;;4000;170;;;;;3999.5;0.0
0;4400;GIFT_BASKET;71289;1;71288;18;71287;16;71300;1;71301;18;71302;16;71294.5;0.0
0;4400;ROSES;14951;66;;;;;14953;66;;;;;14952.0;0.0
0;4400;STRAWBERRIES;3999;257;;;;;4000;75;4001;182;;;3999.5;0.0
0;4400;CHOCOLATE;7999;131;;;;;8001;131;;;;;8000.0;0.0
0;4500;STRAWBERRIES;3999;174;;;;;4001;174;;;;;4000.0;0.0
0;4500;CHOCOLATE;8000;54;7999;61;;;8001;54;8002;61;;;8000.5;0.0
0;4500;ROSES;14955;65;;;;;14956;18;14957;47;;;14955.5;0.0
0;4500;GIFT_BASKET;71291;10;71290;18;;;71304;10;71305;18;;;71297.5;0.0
0;4600;ROSES;14951;66;;;;;14952;66;;;;;14951.5;0.0
0;4600;STRAWBERRIES;4000;77;3999;157;;;4001;234;;;;;4000.5;0.0
0;4600;CHOCOLATE;8001;129;;;;;8002;52;8003;77;;;8001.5;0.0
0;4600;GIFT_BASKET;71307;1;71306;12;71304;19;71312;2;71318;1;71319;12;71309.5;0.0
0;4700;CHOCOLATE;8000;142;;;;;8001;5;8002;142;;;8000.5;0.0
0;4700;GIFT_BASKET;71304;1;71303;18;71302;18;71315;1;71316;18;71317;18;71309.5;0.0
0;4700;ROSES;14953;60;;;;;14955;60;;;;;14954.0;0.0
0;4700;STRAWBERRIES;3999;270;;;;;4000;83;4001;187;;;3999.5;0.0
0;4800;GIFT_BASKET;71305;1;71304;15;71302;18;71316;1;71317;15;71318;18;71310.5;0.0
0;4800;ROSES;14954;18;14953;36;;;14955;54;;;;;14954.5;0.0
0;4800;STRAWBERRIES;4000;12;3999;252;;;4001;252;;;;;4000.5;0.0
0;4800;CHOCOLATE;7998;144;;;;;8000;144;;;;;7999.0;0.0
0;4900;ROSES;14952;64;;;;;14953;64;;;;;14952.5;0.0
0;4900;STRAWBERRIES;3999;192;;;;;4000;64;4001;128;;;3999.5;0.0
0;4900;CHOCOLATE;7997;101;;;;;7999;101;;;;;7998.0;0.0
0;4900;GIFT_BASKET;71300;10;71299;28;;;71313;10;71315;28;;;71306.5;0.0
0;5000;STRAWBERRIES;3999;264;;;;;4001;264;;;;;4000.0;0.0
0;5000;CHOCOLATE;7998;154;;;;;8000;154;;;;;7999.0;0.0
0;5000;GIFT_BASKET;71306;1;71305;11;71304;22;71317;1;71318;11;71319;22;71311.5;0.0
0;5000;ROSES;14957;54;;;;;14959;54;;;;;14958.0;0.0
0;5100;CHOCOLATE;7999;117;;;;;8001;117;;;;;8000.0;0.0
0;5100;GIFT_BASKET;71317;7;71311;15;71310;29;71324;15;71326;29;;;71320.5;0.0
0;5100;ROSES;14960;29;14959;33;;;14961;62;;;;;14960.5;0.0
0;5100;STRAWBERRIES;3998;203;;;;;4000;203;;;;;3999.0;0.0
0;5200;GIFT_BASKET;71301;2;71299;15;71298;19;71312;2;71313;15;71314;19;71306.5;0.0
0;5200;ROSES;14956;49;;;;;14957;19;14958;30;;;14956.5;0.0
0;5200;STRAWBERRIES;3998;276;;;;;4000;276;;;;;3999.0;0.0
0;5200;CHOCOLATE;7997;52;7996;92;;;7998;52;7999;92;;;7997.5;0.0
0;5300;ROSES;14956;74;;;;;14958;74;;;;;14957.0;0.0
0;5300;STRAWBERRIES;3998;250;;;;;3999;67;4000;177;;;3998.5;0.0
0;5300;CHOCOLATE;7996;124;;;;;7998;124;;;;;7997.0;0.0
0;5300;GIFT_BASKET;71290;14;71289;25;;;71303;14;71304;25;;;71296.5;0.0
0;5400;STRAWBERRIES;3997;207;;;;;3999;207;;;;;3998.0;0.0
0;5400;CHOCOLATE;7996;54;7995;53;;;7997;54;7998;53;;;7996.5;0.0
0;5400;GIFT_BASKET;71289;20;71288;22;;;71302;20;71303;22;;;71295.5;0.0
0;5400;ROSES;14958;65;;;;;14959;65;;;;;14958.5;0.0
0;5500;CHOCOLATE;7996;143;;;;;7997;49;7998;94;;;7996.5;0.0
0;5500;GIFT_BASKET;71294;1;71293;19;71292;18;71305;1;71306;19;71308;18;71299.5;0.0
0;5500;ROSES;14957;52;;;;;14959;52;;;;;14958.0;0.0
0;5500;STRAWBERRIES;3997;265;;;;;3998;94;3999;171;;;3997.5;0.0
0;5600;GIFT_BASKET;71298;1;71297;12;71296;22;71309;1;71310;12;71311;22;71303.5;0.0
0;5600;ROSES;14959;61;;;;;14961;61;;;;;14960.0;0.0
0;5600;STRAWBERRIES;3998;260;;;;;3999;268;;;;;3998.5;0.0
0;5600;CHOCOLATE;7994;116;;;;;7995;36;7996;80;;;7994.5;0.0
0;5700;ROSES;14959;52;;;;;14960;21;14961;31;;;14959.5;0.0
0;5700;STRAWBERRIES;3998;230;;;;;4000;230;;;;;3999.0;0.0
0;5700;CHOCOLATE;7995;110;;;;;7996;56;7997;54;;;7995.5;0.0
0;5700;GIFT_BASKET;71310;2;71309;12;71308;21;71321;2;71322;12;71323;21;71315.5;0.0
0;5800;STRAWBERRIES;3998;196;;;;;4000;196;;;;;3999.0;0.0
0;5800;CHOCOLATE;7995;51;7994;78;;;7996;61;7997;78;;;7995.5;0.0
0;5800;GIFT_BASKET;71303;12;71302;28;;;71316;12;71317;28;;;71309.5;0.0
0;5800;ROSES;14961;68;;;;;14962;28;14963;40;;;14961.5;0.0
0;5900;CHOCOLATE;7996;60;7995;95;;;7997;155;;;;;7996.5;0.0
0;5900;GIFT_BASKET;71309;1;71308;16;71307;15;71320;1;71321;16;71322;15;71314.5;0.0
0;5900;ROSES;14965;53;;;;;14966;15;14967;38;;;14965.5;0.0
0;5900;STRAWBERRIES;3998;267;;;;;3999;95;4000;172;;;3998.5;0.0
0;6000;GIFT_BASKET;71304;2;71303;11;71302;29;71309;1;71315;2;71316;11;71306.5;0.0
0;6000;ROSES;14963;68;;;;;14964;29;14965;39;;;14963.5;0.0
0;6000;CHOCOLATE;7996;62;7995;86;;;7997;62;7998;86;;;7996.5;0.0
0;6000;STRAWBERRIES;3998;215;;;;;3999;215;;;;;3998.5;0.0
0;6100;STRAWBERRIES;3998;229;;;;;3999;229;;;;;3998.5;0.0
0;6100;ROSES;14964;29;14963;34;;;14965;63;;;;;14964.5;0.0
0;6100;CHOCOLATE;7997;54;7996;76;;;7998;54;7999;76;;;7997.5;0.0
0;6100;GIFT_BASKET;71307;1;71306;11;71305;29;71318;1;71319;11;71320;29;71312.5;0.0
0;6200;CHOCOLATE;7996;154;;;;;7998;154;;;;;7997.0;0.0
0;6200;STRAWBERRIES;3999;92;3998;185;;;4000;277;;;;;3999.5;0.0
0;6200;GIFT_BASKET;71310;1;71309;13;71308;28;71321;1;71322;13;71323;28;71315.5;0.0
0;6200;ROSES;14962;73;;;;;14964;73;;;;;14963.0;0.0
0;6300;CHOCOLATE;7996;101;;;;;7998;101;;;;;7997.0;0.0
0;6300;GIFT_BASKET;71317;18;71316;20;;;71323;3;71330;18;71331;20;71320.0;0.0
0;6300;STRAWBERRIES;3999;211;;;;;4000;211;;;;;3999.5;0.0
0;6300;ROSES;14963;20;14962;33;;;14964;53;;;;;14963.5;0.0
0;6400;GIFT_BASKET;71320;16;71319;30;;;71334;16;71335;30;;;71327.0;0.0
0;6400;ROSES;14959;62;;;;;14961;62;;;;;14960.0;0.0
0;6400;CHOCOLATE;7996;140;;;;;7998;140;;;;;7997.0;0.0
0;6400;STRAWBERRIES;3999;261;;;;;4001;256;;;;;4000.0;0.0
0;6500;STRAWBERRIES;3999;232;;;;;4000;65;4001;167;;;3999.5;0.0
0;6500;ROSES;14958;18;14957;43;;;14959;61;;;;;14958.5;0.0
0;6500;CHOCOLATE;7996;63;7995;65;;;7997;128;;;;;7996.5;0.0
0;6500;GIFT_BASKET;71309;20;71308;18;;;71322;20;71323;18;;;71315.5;0.0
0;6600;CHOCOLATE;7995;94;;;;;7996;41;7997;53;;;7995.5;0.0
0;6600;STRAWBERRIES;3999;162;;;;;4000;53;4001;109;;;3999.5;0.0
0;6600;GIFT_BASKET;71313;1;71312;14;71311;22;71324;1;71325;14;71326;22;71318.5;0.0
0;6600;ROSES;14957;53;;;;;14958;22;14959;31;;;14957.5;0.0
0;6700;CHOCOLATE;7996;93;;;;;7997;43;7998;50;;;7996.5;0.0
0;6700;GIFT_BASKET;71330;2;71329;18;71328;26;71335;8;71341;2;71342;18;71332.5;0.0
0;6700;STRAWBERRIES;3999;156;;;;;4001;156;;;;;4000.0;0.0
0;6700;ROSES;14960;26;14959;44;;;14961;70;;;;;14960.5;0.0
0;6800;GIFT_BASKET;71336;1;71335;17;71334;19;71347;1;71348;17;71349;19;71341.5;0.0
0;6800;ROSES;14963;54;;;;;14964;54;;;;;14963.5;0.0
0;6800;CHOCOLATE;7996;131;;;;;7998;131;;;;;7997.0;0.0
0;6800;STRAWBERRIES;3999;290;;;;;4001;290;;;;;4000.0;0.0
0;6900;STRAWBERRIES;3999;212;;;;;4001;212;;;;;4000.0;0.0
0;6900;ROSES;14959;58;;;;;14960;17;14961;41;;;14959.5;0.0
0;6900;CHOCOLATE;7997;137;;;;;7999;137;;;;;7998.0;0.0
0;6900;GIFT_BASKET;71326;20;71325;17;;;71339;20;71340;17;;;71332.5;0.0
0;7000;CHOCOLATE;7997;123;;;;;7999;123;;;;;7998.0;0.0
0;7000;STRAWBERRIES;3999;245;;;;;4001;245;;;;;4000.0;0.0
0;7000;GIFT_BASKET;71322;2;71321;10;71320;24;71333;2;71334;10;71335;24;71327.5;0.0
0;7000;ROSES;14957;69;;;;;14958;69;;;;;14957.5;0.0
0;7100;GIFT_BASKET;71319;1;71318;13;71316;18;71330;1;71331;13;71332;18;71324.5;0.0
0;7100;CHOCOLATE;7997;52;7996;63;;;7998;115;;;;;7997.5;0.0
0;7100;ROSES;14959;18;14958;45;;;14960;63;;;;;14959.5;0.0
0;7100;STRAWBERRIES;3999;187;;;;;4001;187;;;;;4000.0;0.0
0;7200;GIFT_BASKET;71308;2;71307;11;71306;17;71319;2;71320;11;71321;17;71313.5;0.0
0;7200;ROSES;14953;60;;;;;14954;17;14955;43;;;14953.5;0.0
0;7200;CHOCOLATE;7998;104;;;;;7999;48;8000;56;;;7998.5;0.0
0;7200;STRAWBERRIES;3999;234;;;;;4000;234;;;;;3999.5;0.0
0;7300;ROSES;14952;16;14951;49;;;14953;65;;;;;14952.5;0.0
0;7300;STRAWBERRIES;3999;242;;;;;4001;242;;;;;4000.0;0.0
0;7300;GIFT_BASKET;71305;2;71304;18;71303;16;71316;2;71317;18;71318;16;71310.5;0.0
0;7300;CHOCOLATE;7997;138;;;;;7999;138;;;;;7998.0;0.0
0;7400;CHOCOLATE;7999;31;7998;82;;;8000;38;8001;82;;;7999.5;0.0
0;7400;STRAWBERRIES;3999;271;;;;;4001;271;;;;;4000.0;0.0
0;7400;GIFT_BASKET;71308;1;71303;2;71302;10;71314;2;71315;10;71316;23;71311.0;0.0
0;7400;ROSES;14951;60;;;;;14953;60;;;;;14952.0;0.0
0;7500;GIFT_BASKET;71321;11;71320;17;;;71334;11;71335;17;;;71327.5;0.0
0;7500;CHOCOLATE;8001;43;8000;81;;;8002;43;8003;81;;;8001.5;0.0
0;7500;ROSES;14955;61;;;;;14956;61;;;;;14955.5;0.0
0;7500;STRAWBERRIES;4000;81;3999;195;;;4001;276;;;;;4000.5;0.0
0;7600;GIFT_BASKET;71330;2;71329;10;71328;28;71335;6;71341;2;71342;10;71332.5;0.0
0;7600;ROSES;14957;64;;;;;14958;64;;;;;14957.5;0.0
0;7600;CHOCOLATE;8001;127;;;;;8003;127;;;;;8002.0;0.0
0;7600;STRAWBERRIES;4000;92;3999;115;;;4001;207;;;;;4000.5;0.0
0;7700;ROSES;14956;72;;;;;14957;72;;;;;14956.5;0.0
0;7700;STRAWBERRIES;4000;11;3999;266;;;4001;266;;;;;4000.5;0.0
0;7700;GIFT_BASKET;71328;15;71327;25;;;71341;15;71342;25;;;71334.5;0.0
0;7700;CHOCOLATE;8002;37;8001;66;;;8003;37;8004;66;;;8002.5;0.0
0;7800;CHOCOLATE;8002;118;;;;;8004;118;;;;;8003.0;0.0
0;7800;STRAWBERRIES;3999;185;;;;;4001;185;;;;;4000.0;0.0
0;7800;GIFT_BASKET;71324;1;71323;12;71322;30;71335;1;71336;12;71337;30;71329.5;0.0
0;7800;ROSES;14955;72;;;;;14956;72;;;;;14955.5;0.0
0;7900;GIFT_BASKET;71323;1;71322;15;71321;27;71334;1;71335;15;71336;27;71328.5;0.0
0;7900;CHOCOLATE;8002;61;8001;90;;;8003;151;;;;;8002.5;0.0
0;7900;ROSES;14954;72;;;;;14956;72;;;;;14955.0;0.0
0;7900;STRAWBERRIES;4000;98;3999;186;;;4001;276;;;;;4000.5;0.0
0;8000;GIFT_BASKET;71326;1;71325;16;71324;26;71337;1;71338;16;71339;26;71331.5;0.0
0;8000;ROSES;14959;26;14958;35;;;14960;61;;;;;14959.5;0.0
0;8000;CHOCOLATE;8002;61;8001;97;;;8003;158;;;;;8002.5;0.0
0;8000;STRAWBERRIES;4000;216;;;;;4001;97;4002;119;;;4000.5;0.0
0;8100;ROSES;14957;77;;;;;14959;77;;;;;14958.0;0.0
0;8100;STRAWBERRIES;4000;177;;;;;4002;177;;;;;4001.0;0.0
0;8100;GIFT_BASKET;71320;15;71319;28;;;71333;15;71334;28;;;71326.5;0.0
0;8100;CHOCOLATE;8001;110;;;;;8003;110;;;;;8002.0;0.0
0;8200;CHOCOLATE;8003;109;;;;;8005;109;;;;;8004.0;0.0
0;8200;STRAWBERRIES;4000;177;;;;;4002;177;;;;;4001.0;0.0
0;8200;ROSES;14956;60;;;;;14958;60;;;;;14957.0;0.0
0;8200;GIFT_BASKET;71334;11;71333;22;;;71347;11;71348;22;;;71340.5;0.0
0;8300;GIFT_BASKET;71327;1;71326;17;71325;29;71338;1;71339;17;71340;29;71332.5;0.0
0;8300;CHOCOLATE;8001;90;;;;;8003;90;;;;;8002.0;0.0
0;8300;ROSES;14957;67;;;;;14959;67;;;;;14958.0;0.0
0;8300;STRAWBERRIES;4001;174;;;;;4002;174;;;;;4001.5;0.0
0;8400;ROSES;14957;70;;;;;14958;22;14959;48;;;14957.5;0.0
0;8400;GIFT_BASKET;71314;17;71313;22;;;71327;17;71328;22;;;71320.5;0.0
0;8400;CHOCOLATE;8000;50;7999;51;;;8001;50;8002;51;;;8000.5;0.0
0;8400;STRAWBERRIES;4001;224;;;;;4003;224;;;;;4002.0;0.0
0;8500;ROSES;14956;64;;;;;14958;64;;;;;14957.0;0.0
0;8500;STRAWBERRIES;4001;217;;;;;4003;217;;;;;4002.0;0.0
0;8500;GIFT_BASKET;71326;11;71325;16;;;71339;11;71340;16;;;71332.5;0.0
0;8500;CHOCOLATE;8002;131;;;;;8003;65;8004;66;;;8002.5;0.0
0;8600;CHOCOLATE;8003;65;8002;88;;;8004;153;;;;;8003.5;0.0
0;8600;STRAWBERRIES;4002;266;;;;;4003;266;;;;;4002.5;0.0
0;8600;ROSES;14953;69;;;;;14955;69;;;;;14954.0;0.0
0;8600;GIFT_BASKET;71351;8;71341;1;71340;12;71352;1;71353;12;71354;23;71351.5;0.0
0;8700;GIFT_BASKET;71345;1;71344;13;71343;16;71356;1;71357;13;71358;16;71350.5;0.0
0;8700;CHOCOLATE;8001;108;;;;;8003;108;;;;;8002.0;0.0
0;8700;ROSES;14953;53;;;;;14955;50;;;;;14954.0;0.0
0;8700;STRAWBERRIES;4002;203;;;;;4003;203;;;;;4002.5;0.0
0;8800;ROSES;14952;70;;;;;14953;22;14954;48;;;14952.5;0.0
0;8800;GIFT_BASKET;71349;15;71348;22;;;71362;15;71364;22;;;71355.5;0.0
0;8800;CHOCOLATE;8002;142;;;;;8004;142;;;;;8003.0;0.0
0;8800;STRAWBERRIES;4002;274;;;;;4003;274;;;;;4002.5;0.0
0;8900;ROSES;14955;69;;;;;14957;69;;;;;14956.0;0.0
0;8900;STRAWBERRIES;4002;226;;;;;4004;226;;;;;4003.0;0.0
0;8900;GIFT_BASKET;71371;1;71370;11;71369;27;71382;1;71383;11;71384;27;71376.5;0.0
0;8900;CHOCOLATE;8003;61;8002;95;;;8004;61;8005;95;;;8003.5;0.0
0;9000;CHOCOLATE;8003;109;;;;;8004;46;8005;63;;;8003.5;0.0
0;9000;STRAWBERRIES;4002;174;;;;;4004;174;;;;;4003.0;0.0
0;9000;ROSES;14957;62;;;;;14958;15;14959;47;;;14957.5;0.0
0;9000;GIFT_BASKET;71376;4;71370;10;71369;15;71383;10;71384;15;;;71379.5;0.0
0;9100;GIFT_BASKET;71377;1;71376;19;71375;28;71388;1;71389;19;71391;28;71382.5;0.0
0;9100;CHOCOLATE;8002;142;;;;;8004;142;;;;;8003.0;0.0
0;9100;STRAWBERRIES;4002;91;4001;151;;;4003;242;;;;;4002.5;0.0
0;9100;ROSES;14957;66;;;;;14958;28;14959;38;;;14957.5;0.0
0;9200;ROSES;14959;49;;;;;14960;49;;;;;14959.5;0.0
0;9200;GIFT_BASKET;71394;20;71393;15;;;71407;20;71408;15;;;71400.5;0.0
0;9200;CHOCOLATE;8003;127;;;;;8005;127;;;;;8004.0;0.0
0;9200;STRAWBERRIES;4002;89;4001;150;;;4003;239;;;;;4002.5;0.0
0;9300;STRAWBERRIES;4002;69;4001;126;;;4003;195;;;;;4002.5;0.0
0;9300;ROSES;14958;53;;;;;14959;53;;;;;14958.5;0.0
0;9300;GIFT_BASKET;71386;10;71385;20;;;71399;10;71400;20;;;71392.5;0.0
0;9300;CHOCOLATE;8002;113;;;;;8003;44;8004;69;;;8002.5;0.0
0;9400;CHOCOLATE;8003;56;8002;93;;;8004;149;;;;;8003.5;0.0
0;9400;STRAWBERRIES;4002;226;;;;;4004;226;;;;;4003.0;0.0
0;9400;ROSES;14961;58;;;;;14962;58;;;;;14961.5;0.0
0;9400;GIFT_BASKET;71399;2;71398;15;71397;17;71410;2;71411;15;71412;17;71404.5;0.0
0;9500;GIFT_BASKET;71386;1;71385;14;71384;26;71397;1;71398;14;71399;26;71391.5;0.0
0;9500;CHOCOLATE;8002;41;8001;80;;;8003;121;;;;;8002.5;0.0
0;9500;STRAWBERRIES;4002;267;;;;;4003;80;4004;187;;;4002.5;0.0
0;9500;ROSES;14961;67;;;;;14962;67;;;;;14961.5;0.0
0;9600;ROSES;14963;23;14962;41;;;14964;64;;;;;14963.5;0.0
0;9600;GIFT_BASKET;71378;12;71377;23;;;71391;12;71392;23;;;71384.5;0.0
0;9600;CHOCOLATE;8002;39;8001;85;;;8003;124;;;;;8002.5;0.0
0;9600;STRAWBERRIES;4002;85;4001;114;;;4003;199;;;;;4002.5;0.0
0;9700;STRAWBERRIES;4002;234;;;;;4004;234;;;;;4003.0;0.0
0;9700;ROSES;14959;57;;;;;14960;57;;;;;14959.5;0.0
0;9700;GIFT_BASKET;71383;18;71381;21;;;71396;18;71397;21;;;71389.5;0.0
0;9700;CHOCOLATE;8002;120;;;;;8004;120;;;;;8003.0;0.0
0;9800;CHOCOLATE;8002;130;;;;;8004;130;;;;;8003.0;0.0
0;9800;STRAWBERRIES;4002;232;;;;;4004;232;;;;;4003.0;0.0
0;9800;ROSES;14960;46;;;;;14961;46;;;;;14960.5;0.0
0;9800;GIFT_BASKET;71378;13;71377;16;;;71384;3;71391;13;71392;16;71381.0;0.0
0;9900;GIFT_BASKET;71380;13;71379;29;;;71393;13;71394;29;;;71386.5;0.0
0;9900;CHOCOLATE;8003;116;;;;;8004;53;8005;63;;;8003.5;0.0
0;9900;STRAWBERRIES;4003;63;4002;158;;;4004;221;;;;;4003.5;0.0
0;9900;ROSES;14955;79;;;;;14956;29;14957;50;;;14955.5;0.0
0;10000;ROSES;14949;71;;;;;14951;71;;;;;14950.0;0.0
0;10000;GIFT_BASKET;71374;2;71373;19;71372;28;71385;2;71386;19;71387;28;71379.5;0.0
0;10000;CHOCOLATE;8002;94;;;;;8003;40;8004;63;;;8002.5;0.0
0;10000;STRAWBERRIES;4003;63;4002;146;;;4004;209;;;;;4003.5;0.0
0;10100;STRAWBERRIES;4003;277;;;;;4004;277;;;;;4003.5;0.0
0;10100;ROSES;14948;59;;;;;14950;59;;;;;14949.0;0.0
0;10100;GIFT_BASKET;71368;10;71367;21;;;71381;10;71383;21;;;71374.5;0.0
0;10100;CHOCOLATE;8001;150;;;;;8002;51;8003;99;;;8001.5;0.0
0;10200;CHOCOLATE;8001;47;8000;52;;;8002;99;;;;;8001.5;0.0
0;10200;STRAWBERRIES;4003;207;;;;;4004;207;;;;;4003.5;0.0
0;10200;ROSES;14946;64;;;;;14947;64;;;;;14946.5;0.0
0;10200;GIFT_BASKET;71371;2;71370;11;71369;29;71382;2;71383;11;71384;29;71376.5;0.0
0;10300;GIFT_BASKET;71381;2;71380;18;71379;17;71392;2;71393;18;71395;17;71386.5;0.0
0;10300;CHOCOLATE;8000;134;;;;;8002;134;;;;;8001.0;0.0
0;10300;STRAWBERRIES;4003;202;;;;;4004;202;;;;;4003.5;0.0
0;10300;ROSES;14946;60;;;;;14948;60;;;;;14947.0;0.0
0;10400;STRAWBERRIES;4003;88;4002;166;;;4004;254;;;;;4003.5;0.0
0;10400;ROSES;14953;20;14952;33;;;14954;53;;;;;14953.5;0.0
0;10400;GIFT_BASKET;71390;16;71388;20;;;71403;16;71404;20;;;71396.5;0.0
0;10400;CHOCOLATE;8001;137;;;;;8002;49;8003;88;;;8001.5;0.0
0;10500;CHOCOLATE;8003;108;;;;;8004;56;8005;52;;;8003.5;0.0
0;10500;ROSES;14950;71;;;;;14952;71;;;;;14951.0;0.0
0;10500;GIFT_BASKET;71404;1;71403;19;71402;21;71415;1;71416;19;71417;21;71409.5;0.0
0;10500;STRAWBERRIES;4003;198;;;;;4004;198;;;;;4003.5;0.0
0;10600;STRAWBERRIES;4003;89;4002;160;;;4004;249;;;;;4003.5;0.0
0;10600;ROSES;14949;29;14948;36;;;14950;65;;;;;14949.5;0.0
0;10600;CHOCOLATE;8002;150;;;;;8003;61;8004;89;;;8002.5;0.0
0;10600;GIFT_BASKET;71404;18;71402;29;;;71417;18;71418;29;;;71410.5;0.0
0;10700;GIFT_BASKET;71391;14;71390;21;;;71405;14;71406;21;;;71398.0;0.0
0;10700;STRAWBERRIES;4002;227;;;;;4004;227;;;;;4003.0;0.0
0;10700;CHOCOLATE;8000;130;;;;;8002;130;;;;;8001.0;0.0
0;10700;ROSES;14949;53;;;;;14950;21;14951;32;;;14949.5;0.0
0;10800;STRAWBERRIES;4002;248;;;;;4003;89;4004;159;;;4002.5;0.0
0;10800;ROSES;14950;57;;;;;14952;57;;;;;14951.0;0.0
0;10800;CHOCOLATE;7998;142;;;;;8000;142;;;;;7999.0;0.0
0;10800;GIFT_BASKET;71382;18;71381;21;;;71395;18;71396;21;;;71388.5;0.0
0;10900;CHOCOLATE;7998;128;;;;;8000;128;;;;;7999.0;0.0
0;10900;ROSES;14950;56;;;;;14951;56;;;;;14950.5;0.0
0;10900;GIFT_BASKET;71372;1;71371;11;71370;25;71383;1;71384;11;71385;25;71377.5;0.0
0;10900;STRAWBERRIES;4003;269;;;;;4004;269;;;;;4003.5;0.0
0;11000;STRAWBERRIES;4002;216;;;;;4003;216;;;;;4002.5;0.0
0;11000;ROSES;14949;62;;;;;14951;62;;;;;14950.0;0.0
0;11000;CHOCOLATE;7999;118;;;;;8000;53;8001;65;;;7999.5;0.0
0;11000;GIFT_BASKET;71371;1;71370;14;71369;16;71376;7;71382;1;71383;14;71373.5;0.0
0;11100;GIFT_BASKET;71379;2;71378;18;71377;22;71390;2;71391;18;71392;22;71384.5;0.0
0;11100;STRAWBERRIES;4001;270;;;;;4003;270;;;;;4002.0;0.0
0;11100;CHOCOLATE;8000;56;7999;81;;;8001;137;;;;;8000.5;0.0
0;11100;ROSES;14951;56;;;;;14953;56;;;;;14952.0;0.0
0;11200;STRAWBERRIES;4001;89;4000;151;;;4002;232;;;;;4001.5;0.0
0;11200;ROSES;14953;64;;;;;14954;64;;;;;14953.5;0.0
0;11200;CHOCOLATE;7999;41;7998;81;;;8000;122;;;;;7999.5;0.0
0;11200;GIFT_BASKET;71374;1;71373;11;71372;23;71385;1;71386;11;71387;23;71379.5;0.0
0;11300;CHOCOLATE;7999;44;7998;79;;;8000;123;;;;;7999.5;0.0
0;11300;ROSES;14950;66;;;;;14951;66;;;;;14950.5;0.0
0;11300;GIFT_BASKET;71383;1;71382;10;71381;27;71394;1;71395;10;71396;27;71388.5;0.0
0;11300;STRAWBERRIES;4001;79;4000;175;;;4002;254;;;;;4001.5;0.0
0;11400;STRAWBERRIES;4000;216;;;;;4002;216;;;;;4001.0;0.0
0;11400;ROSES;14950;30;14949;48;;;14951;78;;;;;14950.5;0.0
0;11400;CHOCOLATE;7999;46;7998;87;;;8000;46;8001;87;;;7999.5;0.0
0;11400;GIFT_BASKET;71391;1;71390;14;71389;30;71402;1;71403;14;71404;30;71396.5;0.0
0;11500;STRAWBERRIES;4000;267;;;;;4001;267;;;;;4000.5;0.0
0;11500;CHOCOLATE;7998;65;7997;99;;;7999;65;8000;99;;;7998.5;0.0
0;11500;GIFT_BASKET;71388;1;71387;17;71386;29;71399;1;71400;17;71401;29;71393.5;0.0
0;11500;ROSES;14950;29;14949;33;;;14951;62;;;;;14950.5;0.0
0;11600;ROSES;14947;23;14946;49;;;14948;72;;;;;14947.5;0.0
0;11600;STRAWBERRIES;4000;229;;;;;4001;55;4002;174;;;4000.5;0.0
0;11600;CHOCOLATE;7998;49;7997;55;;;7999;104;;;;;7998.5;0.0
0;11600;GIFT_BASKET;71384;12;71383;23;;;71397;12;71399;23;;;71390.5;0.0
0;11700;CHOCOLATE;7997;141;;;;;7999;141;;;;;7998.0;0.0
0;11700;GIFT_BASKET;71377;1;71376;14;71375;27;71388;1;71389;14;71391;27;71382.5;0.0
0;11700;ROSES;14947;69;;;;;14949;69;;;;;14948.0;0.0
0;11700;STRAWBERRIES;4000;91;3999;163;;;4001;254;;;;;4000.5;0.0
0;11800;GIFT_BASKET;71385;19;71384;18;;;71398;19;71399;18;;;71391.5;0.0
0;11800;ROSES;14945;50;;;;;14946;18;14947;32;;;14945.5;0.0
0;11800;STRAWBERRIES;4000;216;;;;;4002;216;;;;;4001.0;0.0
0;11800;CHOCOLATE;7999;61;7998;87;;;8000;61;8001;87;;;7999.5;0.0
0;11900;STRAWBERRIES;4001;77;4000;129;;;4002;206;;;;;4001.5;0.0
0;11900;CHOCOLATE;8000;36;7999;77;;;8001;113;;;;;8000.5;0.0
0;11900;GIFT_BASKET;71395;17;71394;26;;;71408;17;71409;26;;;71401.5;0.0
0;11900;ROSES;14948;68;;;;;14949;68;;;;;14948.5;0.0
0;12000;ROSES;14948;79;;;;;14950;79;;;;;14949.0;0.0
0;12000;STRAWBERRIES;4001;253;;;;;4002;253;;;;;4001.5;0.0
0;12000;CHOCOLATE;7998;112;;;;;8000;112;;;;;7999.0;0.0
0;12000;GIFT_BASKET;71398;1;71392;13;71391;29;71405;13;71406;29;;;71401.5;0.0
0;12100;CHOCOLATE;8000;64;7999;51;;;8001;115;;;;;8000.5;0.0
0;12100;GIFT_BASKET;71396;2;71395;18;71393;26;71407;2;71408;18;71409;26;71401.5;0.0
0;12100;ROSES;14949;26;14948;32;;;14950;58;;;;;14949.5;0.0
0;12100;STRAWBERRIES;4001;195;;;;;4002;195;;;;;4001.5;0.0
0;12200;GIFT_BASKET;71396;2;71395;12;71394;28;71407;2;71408;12;71409;28;71401.5;0.0
0;12200;ROSES;14947;62;;;;;14948;62;;;;;14947.5;0.0
0;12200;STRAWBERRIES;4001;218;;;;;4002;74;4003;149;;;4001.5;0.0
0;12200;CHOCOLATE;8000;130;;;;;8002;130;;;;;8001.0;0.0
0;12300;STRAWBERRIES;4001;255;;;;;4003;255;;;;;4002.0;0.0
0;12300;CHOCOLATE;8000;124;;;;;8002;124;;;;;8001.0;0.0
0;12300;GIFT_BASKET;71401;1;71400;14;71399;17;71412;1;71413;14;71414;17;71406.5;0.0
0;12300;ROSES;14946;60;;;;;14948;60;;;;;14947.0;0.0
0;12400;ROSES;14941;65;;;;;14942;65;;;;;14941.5;0.0
0;12400;STRAWBERRIES;4001;71;4000;156;;;4002;236;;;;;4001.5;0.0
0;12400;CHOCOLATE;8001;49;8000;80;;;8002;49;8003;80;;;8001.5;0.0
0;12400;GIFT_BASKET;71384;1;71383;11;71382;17;71395;1;71396;11;71397;17;71389.5;0.0
0;12500;CHOCOLATE;8004;50;8003;96;;;8005;43;8006;96;;;8004.5;0.0
0;12500;GIFT_BASKET;71390;2;71389;16;71388;23;71401;2;71402;16;71403;23;71395.5;0.0
0;12500;ROSES;14938;23;14937;36;;;14939;59;;;;;14938.5;0.0
0;12500;STRAWBERRIES;4000;251;;;;;4002;251;;;;;4001.0;0.0
0;12600;GIFT_BASKET;71393;1;71392;12;71391;18;71404;1;71405;12;71406;18;71398.5;0.0
0;12600;ROSES;14939;18;14938;33;;;14940;51;;;;;14939.5;0.0
0;12600;STRAWBERRIES;4000;219;;;;;4001;59;4002;160;;;4000.5;0.0
0;12600;CHOCOLATE;8005;45;8004;59;;;8006;104;;;;;8005.5;0.0
0;12700;STRAWBERRIES;4000;230;;;;;4001;91;4002;139;;;4000.5;0.0
0;12700;CHOCOLATE;8004;59;8003;91;;;8005;150;;;;;8004.5;0.0
0;12700;ROSES;14933;17;14932;49;;;14934;70;;;;;14933.5;0.0
0;12700;GIFT_BASKET;71391;5;71386;2;71385;20;71397;2;71398;20;71399;21;71394.0;0.0
0;12800;ROSES;14935;73;;;;;14936;26;14937;47;;;14935.5;0.0
0;12800;STRAWBERRIES;4000;208;;;;;4001;208;;;;;4000.5;0.0
0;12800;CHOCOLATE;8005;137;;;;;8007;137;;;;;8006.0;0.0
0;12800;GIFT_BASKET;71399;1;71398;13;71396;26;71410;1;71411;13;71412;26;71404.5;0.0
0;12900;CHOCOLATE;8006;55;8005;83;;;8007;138;;;;;8006.5;0.0
0;12900;ROSES;14930;65;;;;;14931;26;14932;39;;;14930.5;0.0
0;12900;GIFT_BASKET;71391;15;71390;26;;;71404;15;71405;26;;;71397.5;0.0
0;12900;STRAWBERRIES;4000;83;3999;186;;;4001;269;;;;;4000.5;0.0
0;13000;GIFT_BASKET;71387;11;71386;23;;;71400;11;71401;23;;;71393.5;0.0
0;13000;ROSES;14932;61;;;;;14933;23;14934;38;;;14932.5;0.0
0;13000;STRAWBERRIES;4000;61;3999;176;;;4001;237;;;;;4000.5;0.0
0;13000;CHOCOLATE;8005;64;8004;61;;;8006;64;8007;61;;;8005.5;0.0
0;13100;STRAWBERRIES;3999;197;;;;;4001;197;;;;;4000.0;0.0
0;13100;CHOCOLATE;8007;28;8006;66;;;8008;38;8009;66;;;8007.5;0.0
0;13100;ROSES;14930;68;;;;;14931;68;;;;;14930.5;0.0
0;13100;GIFT_BASKET;71384;2;71383;20;71382;18;71395;2;71396;20;71397;18;71389.5;0.0
0;13200;ROSES;14932;65;;;;;14933;23;14934;42;;;14932.5;0.0
0;13200;STRAWBERRIES;3999;207;;;;;4001;207;;;;;4000.0;0.0
0;13200;CHOCOLATE;8007;63;8006;64;;;8008;127;;;;;8007.5;0.0
0;13200;GIFT_BASKET;71393;16;71392;23;;;71406;16;71407;23;;;71399.5;0.0
0;13300;CHOCOLATE;8007;115;;;;;8009;115;;;;;8008.0;0.0
0;13300;ROSES;14932;51;;;;;14934;51;;;;;14933.0;0.0
0;13300;GIFT_BASKET;71396;2;71395;15;71394;16;71407;2;71408;15;71409;16;71401.5;0.0
0;13300;STRAWBERRIES;3999;184;;;;;4000;181;;;;;3999.5;0.0
0;13400;GIFT_BASKET;71385;1;71384;14;71383;15;71396;1;71397;14;71398;15;71390.5;0.0
0;13400;ROSES;14928;46;;;;;14929;15;14930;31;;;14928.5;0.0
0;13400;STRAWBERRIES;3998;239;;;;;4000;239;;;;;3999.0;0.0
0;13400;CHOCOLATE;8006;128;;;;;8007;57;8008;71;;;8006.5;0.0
0;13500;STRAWBERRIES;3998;53;3997;136;;;3999;189;;;;;3998.5;0.0
0;13500;CHOCOLATE;8008;62;8007;53;;;8009;115;;;;;8008.5;0.0
0;13500;ROSES;14932;16;14931;47;;;14933;63;;;;;14932.5;0.0
0;13500;GIFT_BASKET;71387;1;71386;16;71385;16;71398;1;71399;16;71400;16;71392.5;0.0
0;13600;STRAWBERRIES;3998;247;;;;;3999;247;;;;;3998.5;0.0
0;13600;CHOCOLATE;8007;38;8006;66;;;8008;48;8009;66;;;8007.5;0.0
0;13600;GIFT_BASKET;71382;2;71381;17;71380;18;71393;2;71394;17;71395;18;71387.5;0.0
0;13600;ROSES;14936;18;14935;44;;;14937;62;;;;;14936.5;0.0
0;13700;CHOCOLATE;8006;131;;;;;8007;55;8008;83;;;8006.5;0.0
0;13700;GIFT_BASKET;71385;2;71383;19;71382;23;71396;2;71397;19;71398;23;71390.5;0.0
0;13700;ROSES;14935;68;;;;;14937;68;;;;;14936.0;0.0
0;13700;STRAWBERRIES;3998;83;3997;195;;;3999;278;;;;;3998.5;0.0
0;13800;GIFT_BASKET;71386;1;71385;12;71384;18;71397;1;71398;12;71399;18;71391.5;0.0
0;13800;ROSES;14935;18;14934;30;;;14936;48;;;;;14935.5;0.0
0;13800;STRAWBERRIES;3998;68;3997;187;;;3999;255;;;;;3998.5;0.0
0;13800;CHOCOLATE;8006;107;;;;;8008;107;;;;;8007.0;0.0
0;13900;ROSES;14934;52;;;;;14935;21;14936;31;;;14934.5;0.0
0;13900;STRAWBERRIES;3998;12;3997;236;;;3999;236;;;;;3998.5;0.0
0;13900;CHOCOLATE;8006;35;8005;68;;;8007;35;8008;68;;;8006.5;0.0
0;13900;GIFT_BASKET;71382;20;71381;21;;;71395;20;71396;21;;;71388.5;0.0
0;14000;STRAWBERRIES;3997;260;;;;;3999;260;;;;;3998.0;0.0
0;14000;CHOCOLATE;8005;130;;;;;8006;50;8007;80;;;8005.5;0.0
0;14000;GIFT_BASKET;71388;1;71387;13;71386;18;71399;1;71400;13;71402;18;71393.5;0.0
0;14000;ROSES;14931;62;;;;;14933;62;;;;;14932.0;0.0
0;14100;CHOCOLATE;8007;147;;;;;8009;147;;;;;8008.0;0.0
0;14100;GIFT_BASKET;71393;2;71392;20;71391;27;71404;2;71405;20;71406;27;71398.5;0.0
0;14100;ROSES;14934;58;;;;;14936;58;;;;;14935.0;0.0
0;14100;STRAWBERRIES;3998;99;3997;185;;;3999;284;;;;;3998.5;0.0
0;14200;GIFT_BASKET;71390;2;71389;10;71388;16;71401;2;71402;10;71403;16;71395.5;0.0
0;14200;ROSES;14933;66;;;;;14934;66;;;;;14933.5;0.0
0;14200;STRAWBERRIES;3998;73;3997;189;;;3999;262;;;;;3998.5;0.0
0;14200;CHOCOLATE;8008;125;;;;;8009;52;8010;73;;;8008.5;0.0
0;14300;ROSES;14933;74;;;;;14934;74;;;;;14933.5;0.0
0;14300;STRAWBERRIES;3998;259;;;;;3999;84;4000;175;;;3998.5;0.0
0;14300;CHOCOLATE;8008;120;;;;;8009;36;8010;84;;;8008.5;0.0
0;14300;GIFT_BASKET;71405;5;71395;2;71394;20;71406;2;71407;20;71408;27;71405.5;0.0
0;14400;STRAWBERRIES;3998;205;;;;;4000;205;;;;;3999.0;0.0
0;14400;CHOCOLATE;8010;110;;;;;8011;51;8012;59;;;8010.5;0.0
0;14400;GIFT_BASKET;71406;1;71405;16;71404;17;71417;1;71418;16;71419;17;71411.5;0.0
0;14400;ROSES;14930;64;;;;;14932;64;;;;;14931.0;0.0
0;14500;CHOCOLATE;8011;61;8010;69;;;8012;130;;;;;8011.5;0.0
0;14500;GIFT_BASKET;71400;1;71399;14;71398;16;71411;1;71412;14;71413;16;71405.5;0.0
0;14500;ROSES;14929;16;14928;39;;;14930;55;;;;;14929.5;0.0
0;14500;STRAWBERRIES;3998;266;;;;;4000;266;;;;;3999.0;0.0
0;14600;GIFT_BASKET;71388;11;71387;21;;;71401;11;71402;21;;;71394.5;0.0
0;14600;ROSES;14925;70;;;;;14926;21;14927;49;;;14925.5;0.0
0;14600;STRAWBERRIES;3997;188;;;;;3999;188;;;;;3998.0;0.0
0;14600;CHOCOLATE;8010;131;;;;;8011;51;8012;80;;;8010.5;0.0
0;14700;ROSES;14929;19;14928;39;;;14930;58;;;;;14929.5;0.0
0;14700;STRAWBERRIES;3997;204;;;;;3998;88;3999;116;;;3997.5;0.0
0;14700;CHOCOLATE;8010;137;;;;;8012;137;;;;;8011.0;0.0
0;14700;GIFT_BASKET;71387;2;71385;11;71384;19;71398;2;71399;11;71400;19;71392.5;0.0
0;14800;STRAWBERRIES;3997;196;;;;;3999;196;;;;;3998.0;0.0
0;14800;CHOCOLATE;8011;45;8010;84;;;8012;45;8013;84;;;8011.5;0.0
0;14800;GIFT_BASKET;71387;2;71385;14;71384;30;71398;2;71399;14;71400;30;71392.5;0.0
0;14800;ROSES;14928;66;;;;;14929;30;14930;36;;;14928.5;0.0
0;14900;CHOCOLATE;8011;57;8010;89;;;8012;146;;;;;8011.5;0.0
0;14900;GIFT_BASKET;71390;2;71389;15;71388;17;71401;2;71402;15;71403;17;71395.5;0.0
0;14900;STRAWBERRIES;3997;202;;;;;3998;89;3999;113;;;3997.5;0.0
0;14900;ROSES;14931;62;;;;;14932;62;;;;;14931.5;0.0
0;15000;GIFT_BASKET;71393;1;71391;13;71390;30;71403;1;71405;13;71406;30;71398.0;0.0
0;15000;ROSES;14931;76;;;;;14932;76;;;;;14931.5;0.0
0;15000;CHOCOLATE;8011;60;8010;59;;;8012;60;8013;59;;;8011.5;0.0
0;15000;STRAWBERRIES;3997;165;;;;;3999;170;;;;;3998.0;0.0
0;15100;STRAWBERRIES;3997;83;3996;104;;;3998;187;;;;;3997.5;0.0
0;15100;ROSES;14929;65;;;;;14930;65;;;;;14929.5;0.0
0;15100;CHOCOLATE;8010;133;;;;;8012;133;;;;;8011.0;0.0
0;15100;GIFT_BASKET;71392;1;71391;14;71390;24;71403;1;71404;14;71405;24;71397.5;0.0
0;15200;CHOCOLATE;8010;55;8009;86;;;8011;141;;;;;8010.5;0.0
0;15200;STRAWBERRIES;3997;86;3996;138;;;3998;224;;;;;3997.5;0.0
0;15200;GIFT_BASKET;71392;2;71391;11;71390;20;71403;2;71404;11;71405;20;71397.5;0.0
0;15200;ROSES;14928;51;;;;;14929;20;14930;31;;;14928.5;0.0
0;15300;CHOCOLATE;8011;121;;;;;8013;121;;;;;8012.0;0.0
0;15300;GIFT_BASKET;71405;2;71404;14;71403;25;71416;2;71417;14;71418;25;71410.5;0.0
0;15300;STRAWBERRIES;3996;244;;;;;3997;10;3998;244;;;3996.5;0.0
0;15300;ROSES;14926;69;;;;;14928;69;;;;;14927.0;0.0
0;15400;GIFT_BASKET;71404;2;71403;20;71402;27;71415;2;71416;20;71417;27;71409.5;0.0
0;15400;ROSES;14926;61;;;;;14928;61;;;;;14927.0;0.0
0;15400;CHOCOLATE;8013;59;8012;100;;;8014;159;;;;;8013.5;0.0
0;15400;STRAWBERRIES;3996;249;;;;;3998;249;;;;;3997.0;0.0
0;15500;STRAWBERRIES;3996;200;;;;;3997;54;3998;146;;;3996.5;0.0
0;15500;ROSES;14925;59;;;;;14927;59;;;;;14926.0;0.0
0;15500;CHOCOLATE;8012;44;8011;54;;;8013;44;8014;54;;;8012.5;0.0
0;15500;GIFT_BASKET;71399;15;71398;23;;;71413;15;71414;23;;;71406.0;0.0
0;15600;CHOCOLATE;8011;105;;;;;8013;105;;;;;8012.0;0.0
0;15600;STRAWBERRIES;3996;264;;;;;3997;264;;;;;3996.5;0.0
0;15600;GIFT_BASKET;71389;1;71388;18;71387;27;71400;1;71401;18;71402;27;71394.5;0.0
0;15600;ROSES;14925;21;14924;34;;;14926;61;;;;;14925.5;0.0
0;15700;CHOCOLATE;8012;117;;;;;8014;117;;;;;8013.0;0.0
0;15700;GIFT_BASKET;71380;2;71379;12;71378;17;71391;2;71392;12;71393;17;71385.5;0.0
0;15700;STRAWBERRIES;3996;237;;;;;3997;67;3998;170;;;3996.5;0.0
0;15700;ROSES;14921;17;14920;43;;;14922;60;;;;;14921.5;0.0
0;15800;GIFT_BASKET;71371;2;71370;10;71369;21;71382;2;71384;10;71385;21;71376.5;0.0
0;15800;ROSES;14918;71;;;;;14920;71;;;;;14919.0;0.0
0;15800;CHOCOLATE;8012;104;;;;;8013;50;8014;54;;;8012.5;0.0
0;15800;STRAWBERRIES;3997;49;3996;112;;;3998;166;;;;;3997.5;0.0
0;15900;STRAWBERRIES;3997;60;3996;112;;;3998;172;;;;;3997.5;0.0
0;15900;ROSES;14923;71;;;;;14924;30;14925;48;;;14923.5;0.0
0;15900;GIFT_BASKET;71378;20;71377;30;;;71391;20;71392;30;;;71384.5;0.0
0;15900;CHOCOLATE;8012;58;8011;60;;;8013;118;;;;;8012.5;0.0
0;16000;CHOCOLATE;8010;151;;;;;8012;151;;;;;8011.0;0.0
0;16000;STRAWBERRIES;3997;234;;;;;3998;87;3999;147;;;3997.5;0.0
0;16000;GIFT_BASKET;71376;2;71375;16;71374;30;71387;2;71388;16;71389;30;71381.5;0.0
0;16000;ROSES;14921;63;;;;;14922;30;14923;33;;;14921.5;0.0
0;16100;GIFT_BASKET;71360;15;71359;25;;;71373;15;71374;25;;;71366.5;0.0
0;16100;CHOCOLATE;8009;160;;;;;8011;160;;;;;8010.0;0.0
0;16100;ROSES;14918;71;;;;;14919;25;14920;46;;;14918.5;0.0
0;16100;STRAWBERRIES;3997;219;;;;;3999;219;;;;;3998.0;0.0
0;16200;GIFT_BASKET;71373;10;71372;18;;;71386;10;71387;18;;;71379.5;0.0
0;16200;ROSES;14919;60;;;;;14920;18;14921;42;;;14919.5;0.0
0;16200;CHOCOLATE;8011;133;;;;;8012;55;8013;78;;;8011.5;0.0
0;16200;STRAWBERRIES;3997;235;;;;;3998;78;3999;157;;;3997.5;0.0
0;16300;ROSES;14923;65;;;;;14924;19;14925;46;;;14923.5;0.0
0;16300;STRAWBERRIES;3997;95;3996;193;;;3998;288;;;;;3997.5;0.0
0;16300;GIFT_BASKET;71380;2;71379;16;71378;19;71391;2;71392;16;71393;19;71385.5;0.0
0;16300;CHOCOLATE;8011;62;8010;95;;;8012;62;8013;95;;;8011.5;0.0
0;16400;CHOCOLATE;8011;37;8010;68;;;8012;105;;;;;8011.5;0.0
0;16400;STRAWBERRIES;3997;210;;;;;3998;68;3999;142;;;3997.5;0.0
0;16400;GIFT_BASKET;71375;2;71374;14;71373;29;71386;2;71387;14;71389;29;71380.5;0.0
0;16400;ROSES;14919;71;;;;;14920;71;;;;;14919.5;0.0
0;16500;GIFT_BASKET;71372;2;71371;20;71370;27;71383;2;71384;20;71385;27;71377.5;0.0
0;16500;CHOCOLATE;8010;52;8009;63;;;8011;115;;;;;8010.5;0.0
0;16500;ROSES;14918;66;;;;;14920;66;;;;;14919.0;0.0
0;16500;STRAWBERRIES;3997;255;;;;;3999;255;;;;;3998.0;0.0
0;16600;GIFT_BASKET;71376;2;71375;17;71373;23;71387;2;71388;17;71389;23;71381.5;0.0
0;16600;ROSES;14916;69;;;;;14918;69;;;;;14917.0;0.0
0;16600;CHOCOLATE;8010;55;8009;75;;;8011;55;8012;75;;;8010.5;0.0
0;16600;STRAWBERRIES;3998;256;;;;;3999;75;4000;181;;;3998.5;0.0
0;16700;ROSES;14912;23;14911;47;;;14913;70;;;;;14912.5;0.0
0;16700;STRAWBERRIES;3998;250;;;;;4000;250;;;;;3999.0;0.0
0;16700;GIFT_BASKET;71364;1;71363;16;71362;23;71375;1;71376;16;71377;23;71369.5;0.0
0;16700;CHOCOLATE;8010;50;8009;100;;;8011;157;;;;;8010.5;0.0
0;16800;CHOCOLATE;8009;126;;;;;8011;126;;;;;8010.0;0.0
0;16800;STRAWBERRIES;3998;169;;;;;4000;169;;;;;3999.0;0.0
0;16800;GIFT_BASKET;71378;2;71377;14;71376;20;71389;2;71390;14;71391;20;71383.5;0.0
0;16800;ROSES;14914;20;14913;43;;;14915;63;;;;;14914.5;0.0
0;16900;GIFT_BASKET;71380;1;71379;19;71377;29;71391;1;71392;19;71393;29;71385.5;0.0
0;16900;CHOCOLATE;8011;40;8010;77;;;8012;117;;;;;8011.5;0.0
0;16900;ROSES;14914;29;14913;41;;;14915;70;;;;;14914.5;0.0
0;16900;STRAWBERRIES;3998;265;;;;;4000;265;;;;;3999.0;0.0
0;17000;ROSES;14914;29;14913;43;;;14915;72;;;;;14914.5;0.0
0;17000;GIFT_BASKET;71370;20;71369;29;;;71384;20;71385;29;;;71377.0;0.0
0;17000;CHOCOLATE;8008;96;;;;;8010;96;;;;;8009.0;0.0
0;17000;STRAWBERRIES;3999;56;3998;150;;;4000;206;;;;;3999.5;0.0
0;17100;ROSES;14912;27;14911;48;;;14913;75;;;;;14912.5;0.0
0;17100;STRAWBERRIES;3999;84;3998;120;;;4000;204;;;;;3999.5;0.0
0;17100;GIFT_BASKET;71374;1;71373;14;71371;27;71385;1;71386;14;71387;27;71379.5;0.0
0;17100;CHOCOLATE;8010;42;8009;84;;;8011;42;8012;84;;;8010.5;0.0
0;17200;CHOCOLATE;8010;115;;;;;8012;115;;;;;8011.0;0.0
0;17200;STRAWBERRIES;3999;57;3998;178;;;4000;235;;;;;3999.5;0.0
0;17200;ROSES;14913;65;;;;;14914;65;;;;;14913.5;0.0
0;17200;GIFT_BASKET;71373;2;71371;10;71370;28;71384;2;71385;10;71386;28;71378.5;0.0
0;17300;GIFT_BASKET;71364;3;71352;11;71351;22;71365;11;71367;22;;;71364.5;0.0
0;17300;CHOCOLATE;8009;124;;;;;8010;57;8011;62;;;8009.5;0.0
0;17300;ROSES;14911;55;;;;;14913;55;;;;;14912.0;0.0
0;17300;STRAWBERRIES;3997;259;;;;;3999;259;;;;;3998.0;0.0
0;17400;ROSES;14911;61;;;;;14912;61;;;;;14911.5;0.0
0;17400;GIFT_BASKET;71353;1;71352;13;71351;24;71364;1;71365;13;71366;24;71358.5;0.0
0;17400;CHOCOLATE;8009;123;;;;;8011;123;;;;;8010.0;0.0
0;17400;STRAWBERRIES;3997;208;;;;;3998;208;;;;;3997.5;0.0
0;17500;ROSES;14908;61;;;;;14909;61;;;;;14908.5;0.0
0;17500;STRAWBERRIES;3998;161;;;;;3999;167;;;;;3998.5;0.0
0;17500;GIFT_BASKET;71352;1;71351;11;71349;18;71363;1;71364;11;71365;18;71357.5;0.0
0;17500;CHOCOLATE;8010;112;;;;;8012;112;;;;;8011.0;0.0
0;17600;CHOCOLATE;8010;41;8009;92;;;8011;133;;;;;8010.5;0.0
0;17600;STRAWBERRIES;3998;92;3997;173;;;3999;265;;;;;3998.5;0.0
0;17600;ROSES;14904;62;;;;;14906;62;;;;;14905.0;0.0
0;17600;GIFT_BASKET;71338;20;71337;17;;;71351;20;71352;17;;;71344.5;0.0
0;17700;GIFT_BASKET;71338;1;71337;12;71336;19;71349;1;71350;12;71351;19;71343.5;0.0
0;17700;CHOCOLATE;8010;56;8009;95;;;8011;56;8012;95;;;8010.5;0.0
0;17700;ROSES;14908;55;;;;;14909;19;14910;36;;;14908.5;0.0
0;17700;STRAWBERRIES;3997;281;;;;;3999;281;;;;;3998.0;0.0
0;17800;ROSES;14907;21;14906;31;;;14908;52;;;;;14907.5;0.0
0;17800;GIFT_BASKET;71338;15;71336;21;;;71351;15;71352;21;;;71344.5;0.0
0;17800;CHOCOLATE;8010;55;8009;58;;;8011;113;;;;;8010.5;0.0
0;17800;STRAWBERRIES;3997;180;;;;;3999;180;;;;;3998.0;0.0
0;17900;ROSES;14907;69;;;;;14909;69;;;;;14908.0;0.0
0;17900;STRAWBERRIES;3997;157;;;;;3999;157;;;;;3998.0;0.0
0;17900;GIFT_BASKET;71330;1;71329;13;71328;23;71341;1;71342;13;71343;23;71335.5;0.0
0;17900;CHOCOLATE;8009;43;8008;53;;;8010;96;;;;;8009.5;0.0
0;18000;CHOCOLATE;8007;62;8006;100;;;8008;162;;;;;8007.5;0.0
0;18000;STRAWBERRIES;3997;215;;;;;3998;100;3999;115;;;3997.5;0.0
0;18000;ROSES;14907;60;;;;;14909;60;;;;;14908.0;0.0
0;18000;GIFT_BASKET;71314;2;71313;13;71312;21;71325;2;71326;13;71327;21;71319.5;0.0
0;18100;GIFT_BASKET;71313;10;71312;27;;;71326;10;71328;27;;;71319.5;0.0
0;18100;CHOCOLATE;8007;110;;;;;8008;42;8009;68;;;8007.5;0.0
0;18100;STRAWBERRIES;3997;237;;;;;3998;225;;;;;3997.5;0.0
0;18100;ROSES;14906;64;;;;;14907;27;14908;37;;;14906.5;0.0
0;18200;ROSES;14905;19;14904;49;;;14906;68;;;;;14905.5;0.0
0;18200;GIFT_BASKET;71306;1;71305;11;71304;19;71317;1;71318;11;71319;19;71311.5;0.0
0;18200;CHOCOLATE;8007;114;;;;;8009;114;;;;;8008.0;0.0
0;18200;STRAWBERRIES;3996;159;;;;;3998;159;;;;;3997.0;0.0
0;18300;STRAWBERRIES;3997;7;3996;236;;;3998;236;;;;;3997.5;0.0
0;18300;ROSES;14906;64;;;;;14908;64;;;;;14907.0;0.0
0;18300;GIFT_BASKET;71311;7;71306;2;71304;10;71316;2;71318;10;71319;17;71313.5;0.0
0;18300;CHOCOLATE;8007;135;;;;;8009;135;;;;;8008.0;0.0
0;18400;CHOCOLATE;8010;49;8009;55;;;8011;49;8012;55;;;8010.5;0.0
0;18400;STRAWBERRIES;3997;245;;;;;3998;245;;;;;3997.5;0.0
0;18400;ROSES;14906;19;14905;48;;;14907;67;;;;;14906.5;0.0
0;18400;GIFT_BASKET;71321;1;71320;13;71319;19;71332;1;71333;13;71334;19;71326.5;0.0
0;18500;GIFT_BASKET;71322;2;71321;18;71320;16;71333;2;71334;18;71335;16;71327.5;0.0
0;18500;CHOCOLATE;8009;137;;;;;8011;137;;;;;8010.0;0.0
0;18500;STRAWBERRIES;3997;195;;;;;3998;195;;;;;3997.5;0.0
0;18500;ROSES;14905;58;;;;;14906;16;14907;42;;;14905.5;0.0
0;18600;ROSES;14905;60;;;;;14906;20;14907;40;;;14905.5;0.0
0;18600;GIFT_BASKET;71334;1;71333;13;71332;20;71345;1;71346;13;71347;20;71339.5;0.0
0;18600;CHOCOLATE;8012;108;;;;;8014;108;;;;;8013.0;0.0
0;18600;STRAWBERRIES;3997;216;;;;;3998;62;3999;154;;;3997.5;0.0
0;18700;STRAWBERRIES;3997;259;;;;;3998;68;3999;191;;;3997.5;0.0
0;18700;ROSES;14908;66;;;;;14910;66;;;;;14909.0;0.0
0;18700;GIFT_BASKET;71352;2;71351;16;71350;22;71363;2;71364;16;71365;22;71357.5;0.0
0;18700;CHOCOLATE;8013;132;;;;;8015;132;;;;;8014.0;0.0
0;18800;CHOCOLATE;8013;155;;;;;8014;64;8015;91;;;8013.5;0.0
0;18800;STRAWBERRIES;3997;232;;;;;3999;232;;;;;3998.0;0.0
0;18800;ROSES;14910;53;;;;;14912;53;;;;;14911.0;0.0
0;18800;GIFT_BASKET;71352;2;71351;17;71350;22;71363;2;71364;17;71365;22;71357.5;0.0
0;18900;GIFT_BASKET;71351;1;71349;17;71348;23;71362;1;71363;17;71364;23;71356.5;0.0
0;18900;CHOCOLATE;8013;57;8012;53;;;8014;57;8015;53;;;8013.5;0.0
0;18900;STRAWBERRIES;3998;178;;;;;3999;178;;;;;3998.5;0.0
0;18900;ROSES;14911;58;;;;;14913;58;;;;;14912.0;0.0
0;19000;ROSES;14910;61;;;;;14911;61;;;;;14910.5;0.0
0;19000;GIFT_BASKET;71349;16;71348;19;;;71362;16;71363;19;;;71355.5;0.0
0;19000;CHOCOLATE;8015;138;;;;;8017;138;;;;;8016.0;0.0
0;19000;STRAWBERRIES;3998;204;;;;;3999;80;4000;124;;;3998.5;0.0
0;19100;STRAWBERRIES;3998;86;3997;181;;;3999;267;;;;;3998.5;0.0
0;19100;ROSES;14906;61;;;;;14907;61;;;;;14906.5;0.0
0;19100;GIFT_BASKET;71342;1;71341;16;71340;28;71353;1;71354;16;71355;28;71347.5;0.0
0;19100;CHOCOLATE;8015;44;8014;86;;;8016;44;8017;86;;;8015.5;0.0
0;19200;CHOCOLATE;8014;127;;;;;8016;127;;;;;8015.0;0.0
0;19200;STRAWBERRIES;3997;206;;;;;3999;206;;;;;3998.0;0.0
0;19200;ROSES;14909;28;14908;39;;;14910;67;;;;;14909.5;0.0
0;19200;GIFT_BASKET;71344;1;71343;10;71342;28;71355;1;71356;10;71357;28;71349.5;0.0
0;19300;GIFT_BASKET;71343;2;71342;17;71341;27;71354;2;71355;17;71356;27;71348.5;0.0
0;19300;CHOCOLATE;8014;111;;;;;8015;55;8016;56;;;8014.5;0.0
0;19300;STRAWBERRIES;3998;56;3997;158;;;3999;214;;;;;3998.5;0.0
0;19300;ROSES;14911;75;;;;;14913;75;;;;;14912.0;0.0
0;19400;STRAWBERRIES;3998;201;;;;;3999;201;;;;;3998.5;0.0
0;19400;ROSES;14911;62;;;;;14912;62;;;;;14911.5;0.0
0;19400;CHOCOLATE;8015;122;;;;;8016;65;8017;50;;;8015.5;0.0
0;19400;GIFT_BASKET;71358;1;71357;16;71356;24;71369;1;71370;16;71372;24;71363.5;0.0
0;19500;CHOCOLATE;8014;35;8013;63;;;8015;98;;;;;8014.5;0.0
0;19500;ROSES;14912;54;;;;;14914;54;;;;;14913.0;0.0
0;19500;GIFT_BASKET;71364;2;71363;10;71362;22;71375;2;71376;10;71377;22;71369.5;0.0
0;19500;STRAWBERRIES;3998;251;;;;;4000;251;;;;;3999.0;0.0
0;19600;STRAWBERRIES;3998;228;;;;;4000;228;;;;;3999.0;0.0
0;19600;ROSES;14915;22;14914;30;;;14916;52;;;;;14915.5;0.0
0;19600;CHOCOLATE;8015;40;8014;84;;;8016;40;8017;84;;;8015.5;0.0
0;19600;GIFT_BASKET;71376;2;71375;20;71374;22;71387;2;71388;20;71389;22;71381.5;0.0
0;19700;GIFT_BASKET;71381;1;71380;16;71379;29;71392;1;71393;16;71394;29;71386.5;0.0
0;19700;STRAWBERRIES;3999;99;3998;191;;;4000;290;;;;;3999.5;0.0
0;19700;CHOCOLATE;8017;54;8016;99;;;8018;54;8019;99;;;8017.5;0.0
0;19700;ROSES;14917;63;;;;;14918;63;;;;;14917.5;0.0
0;19800;STRAWBERRIES;3999;69;3998;160;;;4000;229;;;;;3999.5;0.0
0;19800;ROSES;14920;27;14919;41;;;14921;68;;;;;14920.5;0.0
0;19800;CHOCOLATE;8015;43;8014;69;;;8016;112;;;;;8015.5;0.0
0;19800;GIFT_BASKET;71375;19;71374;27;;;71388;19;71389;27;;;71381.5;0.0
0;19900;CHOCOLATE;8015;41;8014;72;;;8016;113;;;;;8015.5;0.0
0;19900;ROSES;14918;79;;;;;14920;79;;;;;14919.0;0.0
0;19900;GIFT_BASKET;71377;1;71376;19;71375;29;71388;1;71389;19;71390;29;71382.5;0.0
0;19900;STRAWBERRIES;3999;84;3998;184;;;4000;256;;;;;3999.5;0.0
0;20000;STRAWBERRIES;3999;66;3998;145;;;4000;211;;;;;3999.5;0.0
0;20000;ROSES;14922;64;;;;;14924;64;;;;;14923.0;0.0
0;20000;CHOCOLATE;8016;104;;;;;8018;104;;;;;8017.0;0.0
0;20000;GIFT_BASKET;71376;1;71375;14;71374;18;71387;1;71388;14;71389;18;71381.5;0.0
0;20100;GIFT_BASKET;71367;2;71366;11;71365;15;71378;2;71379;11;71380;15;71372.5;0.0
0;20100;STRAWBERRIES;3999;61;3998;191;;;4000;252;;;;;3999.5;0.0
0;20100;CHOCOLATE;8015;102;;;;;8017;102;;;;;8016.0;0.0
0;20100;ROSES;14919;46;;;;;14920;46;;;;;14919.5;0.0
0;20200;STRAWBERRIES;3999;58;3998;161;;;4000;219;;;;;3999.5;0.0
0;20200;ROSES;14921;53;;;;;14923;53;;;;;14922.0;0.0
0;20200;CHOCOLATE;8016;109;;;;;8018;109;;;;;8017.0;0.0
0;20200;GIFT_BASKET;71372;14;71371;22;;;71385;14;71386;22;;;71378.5;0.0
0;20300;CHOCOLATE;8016;63;8015;79;;;8017;63;8018;79;;;8016.5;0.0
0;20300;ROSES;14923;69;;;;;14924;69;;;;;14923.5;0.0
0;20300;GIFT_BASKET;71359;2;71358;15;71357;29;71370;2;71371;15;71372;29;71364.5;0.0
0;20300;STRAWBERRIES;3998;180;;;;;4000;180;;;;;3999.0;0.0
0;20400;GIFT_BASKET;71360;15;71359;27;;;71374;15;71375;27;;;71367.0;0.0
0;20400;ROSES;14925;74;;;;;14927;74;;;;;14926.0;0.0
0;20400;STRAWBERRIES;3998;285;;;;;3999;94;4000;191;;;3998.5;0.0
0;20400;CHOCOLATE;8015;143;;;;;8017;143;;;;;8016.0;0.0
0;20500;STRAWBERRIES;3998;234;;;;;3999;234;;;;;3998.5;0.0
0;20500;CHOCOLATE;8016;115;;;;;8018;115;;;;;8017.0;0.0
0;20500;GIFT_BASKET;71381;11;71380;18;;;71394;11;71395;18;;;71387.5;0.0
0;20500;ROSES;14931;18;14930;35;;;14932;53;;;;;14931.5;0.0
0;20600;ROSES;14935;15;14934;36;;;14936;51;;;;;14935.5;0.0
0;20600;STRAWBERRIES;3998;190;;;;;4000;190;;;;;3999.0;0.0
0;20600;CHOCOLATE;8018;48;8017;83;;;8019;48;8020;83;;;8018.5;0.0
0;20600;GIFT_BASKET;71399;2;71398;13;71397;15;71410;2;71411;13;71412;15;71404.5;0.0
0;20700;CHOCOLATE;8017;127;;;;;8018;61;8019;66;;;8017.5;0.0
0;20700;GIFT_BASKET;71389;1;71388;12;71387;18;71400;1;71401;12;71402;18;71394.5;0.0
0;20700;ROSES;14931;62;;;;;14933;62;;;;;14932.0;0.0
0;20700;STRAWBERRIES;3999;66;3998;126;;;4000;192;;;;;3999.5;0.0
0;20800;GIFT_BASKET;71389;2;71388;20;71387;15;71400;2;71401;20;71402;15;71394.5;0.0
0;20800;ROSES;14927;15;14926;35;;;14928;50;;;;;14927.5;0.0
0;20800;STRAWBERRIES;3998;228;;;;;4000;228;;;;;3999.0;0.0
0;20800;CHOCOLATE;8019;108;;;;;8020;36;8021;81;;;8019.5;0.0
0;20900;STRAWBERRIES;3999;211;;;;;4000;211;;;;;3999.5;0.0
0;20900;CHOCOLATE;8018;59;8017;65;;;8019;59;8020;65;;;8018.5;0.0
0;20900;GIFT_BASKET;71396;1;71395;11;71394;29;71407;1;71408;11;71409;29;71401.5;0.0
0;20900;ROSES;14929;68;;;;;14930;68;;;;;14929.5;0.0
0;21000;ROSES;14926;62;;;;;14927;21;14928;41;;;14926.5;0.0
0;21000;STRAWBERRIES;3999;214;;;;;4000;81;4001;133;;;3999.5;0.0
0;21000;CHOCOLATE;8017;142;;;;;8018;9;8019;142;;;8017.5;0.0
0;21000;GIFT_BASKET;71387;19;71386;21;;;71400;19;71401;21;;;71393.5;0.0
0;21100;CHOCOLATE;8016;106;;;;;8018;106;;;;;8017.0;0.0
0;21100;GIFT_BASKET;71384;2;71383;11;71382;19;71395;2;71396;11;71397;19;71389.5;0.0
0;21100;ROSES;14926;61;;;;;14927;19;14928;42;;;14926.5;0.0
0;21100;STRAWBERRIES;3999;174;;;;;4000;174;;;;;3999.5;0.0
0;21200;GIFT_BASKET;71388;17;71387;18;;;71394;5;71401;17;71402;18;71391.0;0.0
0;21200;ROSES;14928;60;;;;;14930;60;;;;;14929.0;0.0
0;21200;STRAWBERRIES;3999;233;;;;;4001;233;;;;;4000.0;0.0
0;21200;CHOCOLATE;8016;123;;;;;8018;123;;;;;8017.0;0.0
0;21300;STRAWBERRIES;3998;187;;;;;4000;187;;;;;3999.0;0.0
0;21300;CHOCOLATE;8020;117;;;;;8022;117;;;;;8021.0;0.0
0;21300;GIFT_BASKET;71395;14;71394;15;;;71408;14;71409;15;;;71401.5;0.0
0;21300;ROSES;14924;58;;;;;14925;58;;;;;14924.5;0.0
0;21400;ROSES;14918;62;;;;;14919;62;;;;;14918.5;0.0
0;21400;STRAWBERRIES;3998;203;;;;;4000;203;;;;;3999.0;0.0
0;21400;CHOCOLATE;8020;140;;;;;8021;62;8022;78;;;8020.5;0.0
0;21400;GIFT_BASKET;71397;15;71396;25;;;71411;15;71412;25;;;71404.0;0.0
0;21500;CHOCOLATE;8019;116;;;;;8021;116;;;;;8020.0;0.0
0;21500;ROSES;14919;15;14918;41;;;14920;56;;;;;14919.5;0.0
0;21500;GIFT_BASKET;71391;2;71390;11;71389;15;71396;1;71402;2;71403;11;71393.5;0.0
0;21500;STRAWBERRIES;3999;168;;;;;4000;67;4001;101;;;3999.5;0.0
0;21600;GIFT_BASKET;71387;16;71386;17;;;71400;16;71401;17;;;71393.5;0.0
0;21600;ROSES;14919;13;14918;38;;;14920;55;;;;;14919.5;0.0
0;21600;STRAWBERRIES;3999;98;3998;189;;;4000;287;;;;;3999.5;0.0
0;21600;CHOCOLATE;8017;144;;;;;8019;144;;;;;8018.0;0.0
0;21700;STRAWBERRIES;3999;65;3998;184;;;4000;249;;;;;3999.5;0.0
0;21700;CHOCOLATE;8020;37;8019;65;;;8021;37;8022;65;;;8020.5;0.0
0;21700;ROSES;14918;61;;;;;14919;61;;;;;14918.5;0.0
0;21700;GIFT_BASKET;71398;1;71397;20;71396;23;71409;1;71410;20;71411;23;71403.5;0.0
0;21800;ROSES;14918;61;;;;;14919;15;14920;46;;;14918.5;0.0
0;21800;STRAWBERRIES;3999;170;;;;;4001;170;;;;;4000.0;0.0
0;21800;CHOCOLATE;8021;51;8020;61;;;8022;112;;;;;8021.5;0.0
0;21800;GIFT_BASKET;71403;6;71402;15;;;71415;1;71416;10;71417;15;71409.0;0.0
0;21900;CHOCOLATE;8021;120;;;;;8022;54;8023;66;;;8021.5;0.0
0;21900;ROSES;14916;21;14915;46;;;14917;67;;;;;14916.5;0.0
0;21900;GIFT_BASKET;71394;2;71393;16;71392;21;71405;2;71406;16;71407;21;71399.5;0.0
0;21900;STRAWBERRIES;3999;229;;;;;4001;229;;;;;4000.0;0.0
0;22000;GIFT_BASKET;71392;1;71391;20;71390;26;71403;1;71405;20;71406;26;71397.5;0.0
0;22000;ROSES;14911;58;;;;;14913;58;;;;;14912.0;0.0
0;22000;STRAWBERRIES;3999;202;;;;;4001;202;;;;;4000.0;0.0
0;22000;CHOCOLATE;8021;129;;;;;8023;129;;;;;8022.0;0.0
0;22100;STRAWBERRIES;4000;54;3999;121;;;4001;175;;;;;4000.5;0.0
0;22100;CHOCOLATE;8023;45;8022;54;;;8024;45;8025;54;;;8023.5;0.0
0;22100;ROSES;14911;62;;;;;14912;62;;;;;14911.5;0.0
0;22100;GIFT_BASKET;71397;2;71396;10;71395;19;71408;2;71409;10;71411;19;71402.5;0.0
0;22200;ROSES;14908;54;;;;;14909;21;14910;33;;;14908.5;0.0
0;22200;STRAWBERRIES;4000;262;;;;;4002;262;;;;;4001.0;0.0
0;22200;CHOCOLATE;8024;56;8023;80;;;8025;56;8026;80;;;8024.5;0.0
0;22200;GIFT_BASKET;71386;1;71385;13;71384;21;71397;1;71398;13;71399;21;71391.5;0.0
0;22300;CHOCOLATE;8024;53;8023;64;;;8025;117;;;;;8024.5;0.0
0;22300;ROSES;14903;56;;;;;14905;56;;;;;14904.0;0.0
0;22300;GIFT_BASKET;71371;1;71370;11;71368;25;71382;1;71383;11;71384;25;71376.5;0.0
0;22300;STRAWBERRIES;4000;170;;;;;4001;64;4002;106;;;4000.5;0.0
0;22400;GIFT_BASKET;71368;2;71367;11;71366;27;71379;2;71380;11;71381;27;71373.5;0.0
0;22400;ROSES;14905;77;;;;;14906;77;;;;;14905.5;0.0
0;22400;STRAWBERRIES;3999;216;;;;;4000;6;4001;216;;;3999.5;0.0
0;22400;CHOCOLATE;8025;123;;;;;8026;40;8027;83;;;8025.5;0.0
0;22500;ROSES;14905;22;14904;41;;;14906;63;;;;;14905.5;0.0
0;22500;STRAWBERRIES;4000;232;;;;;4002;232;;;;;4001.0;0.0
0;22500;CHOCOLATE;8025;56;8024;91;;;8026;56;8027;91;;;8025.5;0.0
0;22500;GIFT_BASKET;71364;12;71363;22;;;71377;12;71378;22;;;71370.5;0.0
0;22600;STRAWBERRIES;4000;233;;;;;4002;233;;;;;4001.0;0.0
0;22600;CHOCOLATE;8024;122;;;;;8026;122;;;;;8025.0;0.0
0;22600;GIFT_BASKET;71366;8;71361;1;71359;13;71372;1;71373;13;71374;19;71369.0;0.0
0;22600;ROSES;14906;59;;;;;14907;59;;;;;14906.5;0.0
0;22700;CHOCOLATE;8025;61;8024;84;;;8026;145;;;;;8025.5;0.0
0;22700;GIFT_BASKET;71351;11;71350;20;;;71364;11;71365;20;;;71357.5;0.0
0;22700;ROSES;14903;67;;;;;14904;20;14905;47;;;14903.5;0.0
0;22700;STRAWBERRIES;4000;236;;;;;4001;236;;;;;4000.5;0.0
0;22800;GIFT_BASKET;71362;1;71361;10;71360;25;71373;1;71374;10;71375;25;71367.5;0.0
0;22800;ROSES;14901;55;;;;;14902;25;14903;30;;;14901.5;0.0
0;22800;STRAWBERRIES;4000;218;;;;;4001;218;;;;;4000.5;0.0
0;22800;CHOCOLATE;8025;125;;;;;8027;125;;;;;8026.0;0.0
0;22900;ROSES;14898;61;;;;;14900;61;;;;;14899.0;0.0
0;22900;STRAWBERRIES;4000;263;;;;;4002;263;;;;;4001.0;0.0
0;22900;CHOCOLATE;8025;62;8024;93;;;8026;155;;;;;8025.5;0.0
0;22900;GIFT_BASKET;71365;2;71364;12;71363;15;71376;2;71377;12;71378;15;71370.5;0.0
0;23000;STRAWBERRIES;4000;219;;;;;4002;219;;;;;4001.0;0.0
0;23000;CHOCOLATE;8025;98;;;;;8027;98;;;;;8026.0;0.0
0;23000;GIFT_BASKET;71364;2;71363;20;71362;20;71375;2;71376;20;71377;20;71369.5;0.0
0;23000;ROSES;14896;63;;;;;14897;63;;;;;14896.5;0.0
0;23100;CHOCOLATE;8027;149;;;;;8028;56;8029;93;;;8027.5;0.0
0;23100;GIFT_BASKET;71382;1;71381;12;71380;27;71393;1;71394;12;71395;27;71387.5;0.0
0;23100;ROSES;14896;75;;;;;14898;75;;;;;14897.0;0.0
0;23100;STRAWBERRIES;4001;93;4000;130;;;4002;223;;;;;4001.5;0.0
0;23200;GIFT_BASKET;71387;18;71386;19;;;71400;18;71401;19;;;71393.5;0.0
0;23200;ROSES;14894;63;;;;;14895;19;14896;44;;;14894.5;0.0
0;23200;STRAWBERRIES;4000;241;;;;;4002;241;;;;;4001.0;0.0
0;23200;CHOCOLATE;8026;118;;;;;8028;118;;;;;8027.0;0.0
0;23300;ROSES;14895;59;;;;;14896;22;14897;37;;;14895.5;0.0
0;23300;STRAWBERRIES;4000;243;;;;;4002;243;;;;;4001.0;0.0
0;23300;CHOCOLATE;8028;128;;;;;8030;128;;;;;8029.0;0.0
0;23300;GIFT_BASKET;71399;10;71397;22;;;71412;10;71413;22;;;71405.5;0.0
0;23400;STRAWBERRIES;4000;74;3999;170;;;4001;244;;;;;4000.5;0.0
0;23400;CHOCOLATE;8028;121;;;;;8029;47;8030;74;;;8028.5;0.0
0;23400;GIFT_BASKET;71386;18;71385;22;;;71399;18;71400;22;;;71392.5;0.0
0;23400;ROSES;14896;70;;;;;14897;22;14898;48;;;14896.5;0.0
0;23500;CHOCOLATE;8027;122;;;;;8029;122;;;;;8028.0;0.0
0;23500;GIFT_BASKET;71391;2;71390;13;71389;20;71402;2;71403;13;71404;20;71396.5;0.0
0;23500;ROSES;14902;54;;;;;14903;54;;;;;14902.5;0.0
0;23500;STRAWBERRIES;3999;221;;;;;4001;221;;;;;4000.0;0.0
0;23600;GIFT_BASKET;71389;19;71388;22;;;71402;19;71403;22;;;71395.5;0.0
0;23600;ROSES;14898;55;;;;;14899;55;;;;;14898.5;0.0
0;23600;STRAWBERRIES;3999;204;;;;;4000;84;4001;120;;;3999.5;0.0
0;23600;CHOCOLATE;8027;64;8026;84;;;8028;148;;;;;8027.5;0.0
0;23700;ROSES;14900;64;;;;;14902;64;;;;;14901.0;0.0
0;23700;STRAWBERRIES;4000;260;;;;;4001;260;;;;;4000.5;0.0
0;23700;CHOCOLATE;8028;131;;;;;8030;131;;;;;8029.0;0.0
0;23700;GIFT_BASKET;71397;14;71396;24;;;71410;14;71411;24;;;71403.5;0.0
0;23800;CHOCOLATE;8030;100;;;;;8031;36;8032;64;;;8030.5;0.0
0;23800;STRAWBERRIES;4000;207;;;;;4001;64;4002;143;;;4000.5;0.0
0;23800;GIFT_BASKET;71405;2;71404;20;71403;29;71416;2;71417;20;71418;29;71410.5;0.0
0;23800;ROSES;14900;72;;;;;14901;29;14902;43;;;14900.5;0.0
0;23900;CHOCOLATE;8029;120;;;;;8031;120;;;;;8030.0;0.0
0;23900;GIFT_BASKET;71409;16;71408;21;;;71423;16;71424;21;;;71416.0;0.0
0;23900;STRAWBERRIES;4000;251;;;;;4002;251;;;;;4001.0;0.0
0;23900;ROSES;14900;60;;;;;14901;21;14902;39;;;14900.5;0.0
0;24000;GIFT_BASKET;71409;1;71408;13;71407;18;71420;1;71421;13;71422;18;71414.5;0.0
0;24000;ROSES;14896;58;;;;;14897;58;;;;;14896.5;0.0
0;24000;CHOCOLATE;8028;155;;;;;8030;155;;;;;8029.0;0.0
0;24000;STRAWBERRIES;4000;248;;;;;4002;248;;;;;4001.0;0.0
0;24100;STRAWBERRIES;4000;278;;;;;4002;270;;;;;4001.0;0.0
0;24100;ROSES;14895;21;14894;44;;;14896;65;;;;;14895.5;0.0
0;24100;CHOCOLATE;8030;65;8029;94;;;8031;65;8032;94;;;8030.5;0.0
0;24100;GIFT_BASKET;71417;2;71416;20;71415;21;71428;2;71429;20;71430;21;71422.5;0.0
0;24200;CHOCOLATE;8028;137;;;;;8030;137;;;;;8029.0;0.0
0;24200;STRAWBERRIES;4000;242;;;;;4001;242;;;;;4000.5;0.0
0;24200;GIFT_BASKET;71413;2;71412;19;71411;29;71424;2;71426;19;71427;29;71418.5;0.0
0;24200;ROSES;14897;29;14896;42;;;14898;71;;;;;14897.5;0.0
0;24300;CHOCOLATE;8026;147;;;;;8027;10;8028;147;;;8026.5;0.0
0;24300;GIFT_BASKET;71404;2;71403;10;71402;29;71415;2;71416;10;71417;29;71409.5;0.0
0;24300;STRAWBERRIES;4000;91;3999;157;;;4001;248;;;;;4000.5;0.0
0;24300;ROSES;14896;60;;;;;14898;60;;;;;14897.0;0.0
0;24400;GIFT_BASKET;71404;10;71403;29;;;71417;10;71418;29;;;71410.5;0.0
0;24400;ROSES;14897;29;14896;50;;;14898;79;;;;;14897.5;0.0
0;24400;CHOCOLATE;8028;60;8027;54;;;8029;60;8030;54;;;8028.5;0.0
0;24400;STRAWBERRIES;4000;54;3999;154;;;4001;208;;;;;4000.5;0.0
0;24500;STRAWBERRIES;3999;263;;;;;4001;263;;;;;4000.0;0.0
0;24500;ROSES;14896;60;;;;;14897;60;;;;;14896.5;0.0
0;24500;CHOCOLATE;8028;129;;;;;8029;53;8030;76;;;8028.5;0.0
0;24500;GIFT_BASKET;71409;15;71408;24;;;71422;15;71423;24;;;71415.5;0.0
0;24600;CHOCOLATE;8028;116;;;;;8030;116;;;;;8029.0;0.0
0;24600;STRAWBERRIES;4000;229;;;;;4001;60;4002;169;;;4000.5;0.0
0;24600;GIFT_BASKET;71424;1;71423;19;71421;24;71435;1;71436;19;71437;24;71429.5;0.0
0;24600;ROSES;14899;62;;;;;14900;24;14901;38;;;14899.5;0.0
0;24700;CHOCOLATE;8028;121;;;;;8030;121;;;;;8029.0;0.0
0;24700;GIFT_BASKET;71418;2;71417;13;71416;24;71429;2;71430;13;71431;24;71423.5;0.0
0;24700;STRAWBERRIES;4000;65;3999;197;;;4001;262;;;;;4000.5;0.0
0;24700;ROSES;14899;74;;;;;14900;74;;;;;14899.5;0.0
0;24800;GIFT_BASKET;71413;2;71412;20;71411;23;71424;2;71425;20;71426;23;71418.5;0.0
0;24800;ROSES;14893;57;;;;;14894;57;;;;;14893.5;0.0
0;24800;CHOCOLATE;8030;61;8029;66;;;8031;61;8032;66;;;8030.5;0.0
0;24800;STRAWBERRIES;3999;174;;;;;4001;174;;;;;4000.0;0.0
0;24900;ROSES;14891;58;;;;;14892;58;;;;;14891.5;0.0
0;24900;STRAWBERRIES;3999;217;;;;;4000;58;4001;159;;;3999.5;0.0
0;24900;GIFT_BASKET;71412;2;71411;20;71410;23;71423;2;71424;20;71425;23;71417.5;0.0
0;24900;CHOCOLATE;8029;120;;;;;8030;62;8031;58;;;8029.5;0.0
0;25000;CHOCOLATE;8028;58;8027;74;;;8029;58;8030;74;;;8028.5;0.0
0;25000;STRAWBERRIES;3999;252;;;;;4001;252;;;;;4000.0;0.0
0;25000;GIFT_BASKET;71409;1;71407;16;71406;20;71420;1;71421;16;71422;20;71414.5;0.0
0;25000;ROSES;14885;57;;;;;14887;57;;;;;14886.0;0.0
0;25100;GIFT_BASKET;71393;14;71392;30;;;71407;14;71408;30;;;71400.0;0.0
0;25100;CHOCOLATE;8028;122;;;;;8029;41;8030;81;;;8028.5;0.0
0;25100;ROSES;14876;70;;;;;14877;30;14878;40;;;14876.5;0.0
0;25100;STRAWBERRIES;3999;241;;;;;4000;81;4001;160;;;3999.5;0.0
0;25200;GIFT_BASKET;71386;2;71385;20;71384;30;71397;2;71398;20;71399;30;71391.5;0.0
0;25200;ROSES;14875;30;14874;44;;;14876;74;;;;;14875.5;0.0
0;25200;CHOCOLATE;8029;129;;;;;8031;129;;;;;8030.0;0.0
0;25200;STRAWBERRIES;3999;79;3998;164;;;4000;243;;;;;3999.5;0.0
0;25300;ROSES;14878;67;;;;;14880;67;;;;;14879.0;0.0
0;25300;STRAWBERRIES;3999;179;;;;;4001;179;;;;;4000.0;0.0
0;25300;GIFT_BASKET;71402;2;71401;12;71400;28;71413;2;71414;12;71415;28;71407.5;0.0
0;25300;CHOCOLATE;8031;123;;;;;8032;44;8033;79;;;8031.5;0.0
0;25400;CHOCOLATE;8031;105;;;;;8033;105;;;;;8032.0;0.0
0;25400;STRAWBERRIES;3999;176;;;;;4001;176;;;;;4000.0;0.0
0;25400;GIFT_BASKET;71408;2;71407;13;71406;17;71419;2;71420;13;71421;17;71413.5;0.0
0;25400;ROSES;14879;10;14878;61;;;14880;61;;;;;14879.5;0.0
0;25500;GIFT_BASKET;71410;2;71409;19;71408;27;71421;2;71422;19;71423;27;71415.5;0.0
0;25500;CHOCOLATE;8031;119;;;;;8033;119;;;;;8032.0;0.0
0;25500;ROSES;14875;63;;;;;14876;27;14877;36;;;14875.5;0.0
0;25500;STRAWBERRIES;4000;73;3999;144;;;4001;217;;;;;4000.5;0.0
0;25600;GIFT_BASKET;71418;1;71417;16;71416;20;71423;7;71429;1;71430;16;71420.5;0.0
0;25600;ROSES;14873;20;14872;35;;;14874;55;;;;;14873.5;0.0
0;25600;CHOCOLATE;8032;106;;;;;8034;106;;;;;8033.0;0.0
0;25600;STRAWBERRIES;4000;205;;;;;4001;62;4002;136;;;4000.5;0.0
0;25700;ROSES;14876;21;14875;44;;;14877;65;;;;;14876.5;0.0
0;25700;STRAWBERRIES;4000;179;;;;;4002;179;;;;;4001.0;0.0
0;25700;GIFT_BASKET;71425;3;71414;1;71413;10;71426;10;71427;21;;;71425.5;0.0
0;25700;CHOCOLATE;8032;132;;;;;8034;132;;;;;8033.0;0.0
0;25800;CHOCOLATE;8032;142;;;;;8033;49;8034;93;;;8032.5;0.0
0;25800;STRAWBERRIES;4000;227;;;;;4002;227;;;;;4001.0;0.0
0;25800;GIFT_BASKET;71414;1;71413;10;71411;26;71425;1;71426;10;71427;26;71419.5;0.0
0;25800;ROSES;14876;70;;;;;14877;26;14878;44;;;14876.5;0.0
0;25900;GIFT_BASKET;71402;12;71401;21;;;71415;12;71416;21;;;71408.5;0.0
0;25900;CHOCOLATE;8030;115;;;;;8031;39;8032;76;;;8030.5;0.0
0;25900;ROSES;14876;51;;;;;14878;51;;;;;14877.0;0.0
0;25900;STRAWBERRIES;4000;226;;;;;4002;226;;;;;4001.0;0.0
0;26000;ROSES;14876;51;;;;;14877;15;14878;36;;;14876.5;0.0
0;26000;GIFT_BASKET;71405;20;71403;15;;;71418;20;71419;15;;;71411.5;0.0
0;26000;CHOCOLATE;8031;150;;;;;8033;150;;;;;8032.0;0.0
0;26000;STRAWBERRIES;4000;203;;;;;4002;203;;;;;4001.0;0.0
0;26100;ROSES;14876;56;;;;;14877;23;14878;33;;;14876.5;0.0
0;26100;STRAWBERRIES;4000;208;;;;;4002;208;;;;;4001.0;0.0
0;26100;GIFT_BASKET;71428;14;71427;23;;;71441;14;71442;23;;;71434.5;0.0
0;26100;CHOCOLATE;8033;152;;;;;8035;152;;;;;8034.0;0.0
0;26200;CHOCOLATE;8033;51;8032;80;;;8034;51;8035;80;;;8033.5;0.0
0;26200;STRAWBERRIES;4000;184;;;;;4001;80;4002;104;;;4000.5;0.0
0;26200;ROSES;14878;62;;;;;14880;62;;;;;14879.0;0.0
0;26200;GIFT_BASKET;71427;1;71426;10;71425;27;71438;1;71439;10;71440;27;71432.5;0.0
0;26300;GIFT_BASKET;71433;13;71432;25;;;71446;13;71447;25;;;71439.5;0.0
0;26300;CHOCOLATE;8034;52;8033;63;;;8035;52;8036;63;;;8034.5;0.0
0;26300;ROSES;14880;68;;;;;14881;68;;;;;14880.5;0.0
0;26300;STRAWBERRIES;4000;256;;;;;4002;256;;;;;4001.0;0.0
0;26400;ROSES;14881;15;14880;49;;;14882;64;;;;;14881.5;0.0
0;26400;GIFT_BASKET;71430;12;71429;15;;;71443;12;71444;15;;;71436.5;0.0
0;26400;CHOCOLATE;8034;52;8033;82;;;8035;134;;;;;8034.5;0.0
0;26400;STRAWBERRIES;4000;280;;;;;4001;82;4002;198;;;4000.5;0.0
0;26500;ROSES;14878;25;14877;38;;;14879;63;;;;;14878.5;0.0
0;26500;STRAWBERRIES;4000;246;;;;;4002;246;;;;;4001.0;0.0
0;26500;GIFT_BASKET;71431;1;71430;16;71429;25;71442;1;71443;16;71444;25;71436.5;0.0
0;26500;CHOCOLATE;8033;51;8032;87;;;8034;51;8035;87;;;8033.5;0.0
0;26600;CHOCOLATE;8031;119;;;;;8033;119;;;;;8032.0;0.0
0;26600;STRAWBERRIES;4001;167;;;;;4002;55;4003;112;;;4001.5;0.0
0;26600;ROSES;14879;61;;;;;14880;19;14881;42;;;14879.5;0.0
0;26600;GIFT_BASKET;71436;1;71435;20;71434;19;71447;1;71448;20;71449;19;71441.5;0.0
0;26700;GIFT_BASKET;71428;15;71427;24;;;71441;15;71442;24;;;71434.5;0.0
0;26700;CHOCOLATE;8030;131;;;;;8031;42;8032;89;;;8030.5;0.0
0;26700;ROSES;14877;65;;;;;14878;24;14879;41;;;14877.5;0.0
0;26700;STRAWBERRIES;4001;196;;;;;4003;196;;;;;4002.0;0.0
0;26800;ROSES;14880;71;;;;;14881;21;14882;50;;;14880.5;0.0
0;26800;GIFT_BASKET;71436;20;71435;21;;;71449;20;71450;21;;;71442.5;0.0
0;26800;CHOCOLATE;8031;53;8030;79;;;8032;132;;;;;8031.5;0.0
0;26800;STRAWBERRIES;4002;79;4001;191;;;4003;270;;;;;4002.5;0.0
0;26900;STRAWBERRIES;4002;265;;;;;4003;265;;;;;4002.5;0.0
0;26900;ROSES;14877;30;14876;42;;;14878;72;;;;;14877.5;0.0
0;26900;GIFT_BASKET;71433;11;71432;30;;;71446;11;71447;30;;;71439.5;0.0
0;26900;CHOCOLATE;8031;126;;;;;8032;53;8033;73;;;8031.5;0.0
0;27000;CHOCOLATE;8031;124;;;;;8032;54;8033;70;;;8031.5;0.0
0;27000;STRAWBERRIES;4002;241;;;;;4003;241;;;;;4002.5;0.0
0;27000;ROSES;14876;68;;;;;14877;26;14878;42;;;14876.5;0.0
0;27000;GIFT_BASKET;71427;1;71426;15;71425;26;71438;1;71439;15;71440;26;71432.5;0.0
0;27100;GIFT_BASKET;71424;2;71423;10;71422;17;71435;2;71436;10;71437;17;71429.5;0.0
0;27100;CHOCOLATE;8032;151;;;;;8034;151;;;;;8033.0;0.0
0;27100;STRAWBERRIES;4001;232;;;;;4002;232;;;;;4001.5;0.0
0;27100;ROSES;14876;56;;;;;14877;17;14878;39;;;14876.5;0.0
0;27200;ROSES;14872;51;;;;;14874;51;;;;;14873.0;0.0
0;27200;GIFT_BASKET;71412;2;71411;12;71410;19;71423;2;71424;12;71425;19;71417.5;0.0
0;27200;CHOCOLATE;8031;50;8030;100;;;8032;50;8033;100;;;8031.5;0.0
0;27200;STRAWBERRIES;4000;232;;;;;4001;100;4002;129;;;4000.5;0.0
0;27300;STRAWBERRIES;4000;90;3999;194;;;4001;284;;;;;4000.5;0.0
0;27300;ROSES;14877;61;;;;;14879;61;;;;;14878.0;0.0
0;27300;GIFT_BASKET;71416;2;71415;16;71414;19;71427;2;71428;16;71429;19;71421.5;0.0
0;27300;CHOCOLATE;8031;129;;;;;8032;39;8033;90;;;8031.5;0.0
0;27400;CHOCOLATE;8030;132;;;;;8032;139;;;;;8031.0;0.0
0;27400;STRAWBERRIES;3999;208;;;;;4001;208;;;;;4000.0;0.0
0;27400;ROSES;14881;58;;;;;14883;58;;;;;14882.0;0.0
0;27400;GIFT_BASKET;71413;1;71412;19;71411;21;71424;1;71425;19;71427;21;71418.5;0.0
0;27500;GIFT_BASKET;71400;2;71399;19;71398;15;71411;2;71412;19;71413;15;71405.5;0.0
0;27500;CHOCOLATE;8029;116;;;;;8031;116;;;;;8030.0;0.0
0;27500;STRAWBERRIES;4000;251;;;;;4001;251;;;;;4000.5;0.0
0;27500;ROSES;14880;47;;;;;14881;15;14882;32;;;14880.5;0.0
0;27600;ROSES;14882;47;;;;;14883;15;14884;32;;;14882.5;0.0
0;27600;GIFT_BASKET;71400;1;71399;13;71398;15;71411;1;71412;13;71413;15;71405.5;0.0
0;27600;CHOCOLATE;8029;44;8028;69;;;8030;113;;;;;8029.5;0.0
0;27600;STRAWBERRIES;4000;69;3999;128;;;4001;197;;;;;4000.5;0.0
0;27700;STRAWBERRIES;3999;192;;;;;4001;192;;;;;4000.0;0.0
0;27700;ROSES;14883;61;;;;;14885;61;;;;;14884.0;0.0
0;27700;GIFT_BASKET;71401;11;71400;27;;;71402;4;71413;2;71414;11;71401.5;0.0
0;27700;CHOCOLATE;8029;109;;;;;8031;109;;;;;8030.0;0.0
0;27800;CHOCOLATE;8031;65;8030;63;;;8032;128;;;;;8031.5;0.0
0;27800;STRAWBERRIES;3999;185;;;;;4000;63;4001;114;;;3999.5;0.0
0;27800;ROSES;14876;69;;;;;14877;69;;;;;14876.5;0.0
0;27800;GIFT_BASKET;71412;5;71406;14;71405;24;71419;14;71420;24;;;71415.5;0.0
0;27900;GIFT_BASKET;71403;1;71402;18;71401;21;71414;1;71415;18;71416;21;71408.5;0.0
0;27900;CHOCOLATE;8031;123;;;;;8033;123;;;;;8032.0;0.0
0;27900;STRAWBERRIES;3999;65;3998;161;;;4000;226;;;;;3999.5;0.0
0;27900;ROSES;14877;21;14876;43;;;14878;64;;;;;14877.5;0.0
0;28000;ROSES;14876;75;;;;;14878;75;;;;;14877.0;0.0
0;28000;GIFT_BASKET;71386;15;71385;28;;;71399;15;71400;28;;;71392.5;0.0
0;28000;CHOCOLATE;8029;96;;;;;8031;96;;;;;8030.0;0.0
0;28000;STRAWBERRIES;3999;57;3998;187;;;4000;244;;;;;3999.5;0.0
0;28100;STRAWBERRIES;3999;209;;;;;4001;209;;;;;4000.0;0.0
0;28100;ROSES;14877;23;14876;33;;;14878;56;;;;;14877.5;0.0
0;28100;GIFT_BASKET;71385;10;71384;23;;;71398;10;71399;23;;;71391.5;0.0
0;28100;CHOCOLATE;8030;93;;;;;8032;93;;;;;8031.0;0.0
0;28200;CHOCOLATE;8031;140;;;;;8033;140;;;;;8032.0;0.0
0;28200;STRAWBERRIES;3999;238;;;;;4001;238;;;;;4000.0;0.0
0;28200;ROSES;14874;27;14873;36;;;14875;63;;;;;14874.5;0.0
0;28200;GIFT_BASKET;71382;1;71381;13;71380;27;71393;1;71394;13;71395;27;71387.5;0.0
0;28300;GIFT_BASKET;71376;1;71375;17;71374;23;71387;1;71388;17;71390;23;71381.5;0.0
0;28300;STRAWBERRIES;3999;213;;;;;4000;90;4001;123;;;3999.5;0.0
0;28300;CHOCOLATE;8030;147;;;;;8032;147;;;;;8031.0;0.0
0;28300;ROSES;14873;72;;;;;14874;72;;;;;14873.5;0.0
0;28400;STRAWBERRIES;3999;214;;;;;4001;214;;;;;4000.0;0.0
0;28400;ROSES;14872;74;;;;;14874;74;;;;;14873.0;0.0
0;28400;CHOCOLATE;8032;143;;;;;8034;138;;;;;8033.0;0.0
0;28400;GIFT_BASKET;71384;13;71383;27;;;71398;13;71399;27;;;71391.0;0.0
0;28500;CHOCOLATE;8030;49;8029;93;;;8031;49;8032;93;;;8030.5;0.0
0;28500;ROSES;14876;27;14875;37;;;14877;64;;;;;14876.5;0.0
0;28500;GIFT_BASKET;71370;1;71369;17;71367;27;71381;1;71382;17;71383;27;71375.5;0.0
0;28500;STRAWBERRIES;3999;203;;;;;4001;203;;;;;4000.0;0.0
0;28600;STRAWBERRIES;3999;203;;;;;4000;97;4001;106;;;3999.5;0.0
0;28600;ROSES;14877;17;14876;47;;;14878;64;;;;;14877.5;0.0
0;28600;CHOCOLATE;8030;133;;;;;8031;36;8032;97;;;8030.5;0.0
0;28600;GIFT_BASKET;71366;2;71365;16;71364;17;71377;2;71378;16;71379;17;71371.5;0.0
0;28700;GIFT_BASKET;71373;1;71372;11;71371;27;71384;1;71385;11;71387;27;71378.5;0.0
0;28700;STRAWBERRIES;3999;242;;;;;4001;242;;;;;4000.0;0.0
0;28700;CHOCOLATE;8030;137;;;;;8032;137;;;;;8031.0;0.0
0;28700;ROSES;14877;27;14876;40;;;14878;67;;;;;14877.5;0.0
0;28800;STRAWBERRIES;3999;215;;;;;4001;215;;;;;4000.0;0.0
0;28800;ROSES;14881;47;;;;;14882;47;;;;;14881.5;0.0
0;28800;CHOCOLATE;8031;37;8030;54;;;8032;37;8033;54;;;8031.5;0.0
0;28800;GIFT_BASKET;71381;2;71380;20;71379;15;71392;2;71393;20;71394;15;71386.5;0.0
0;28900;CHOCOLATE;8032;150;;;;;8033;53;8034;97;;;8032.5;0.0
0;28900;ROSES;14879;62;;;;;14881;62;;;;;14880.0;0.0
0;28900;GIFT_BASKET;71381;14;71379;29;;;71394;14;71395;29;;;71387.5;0.0
0;28900;STRAWBERRIES;3999;287;;;;;4001;287;;;;;4000.0;0.0
0;29000;STRAWBERRIES;3999;76;3998;141;;;4000;217;;;;;3999.5;0.0
0;29000;ROSES;14878;67;;;;;14879;21;14880;46;;;14878.5;0.0
0;29000;CHOCOLATE;8032;128;;;;;8034;128;;;;;8033.0;0.0
0;29000;GIFT_BASKET;71375;15;71374;21;;;71388;15;71389;21;;;71381.5;0.0
0;29100;GIFT_BASKET;71364;2;71363;10;71362;16;71375;2;71376;10;71377;16;71369.5;0.0
0;29100;STRAWBERRIES;3999;59;3998;175;;;4000;234;;;;;3999.5;0.0
0;29100;CHOCOLATE;8033;54;8032;59;;;8034;54;8035;59;;;8033.5;0.0
0;29100;ROSES;14873;47;;;;;14874;16;14875;31;;;14873.5;0.0
0;29200;STRAWBERRIES;3999;53;3998;175;;;4000;228;;;;;3999.5;0.0
0;29200;ROSES;14877;56;;;;;14879;56;;;;;14878.0;0.0
0;29200;CHOCOLATE;8035;108;;;;;8036;55;8037;53;;;8035.5;0.0
0;29200;GIFT_BASKET;71368;18;71367;15;;;71381;18;71382;15;;;71374.5;0.0
0;29300;CHOCOLATE;8035;127;;;;;8037;127;;;;;8036.0;0.0
0;29300;GIFT_BASKET;71379;7;71368;19;71366;15;71381;19;71382;15;;;71380.0;0.0
0;29300;ROSES;14880;46;;;;;14881;15;14882;31;;;14880.5;0.0
0;29300;STRAWBERRIES;3999;83;3998;179;;;4000;262;;;;;3999.5;0.0
0;29400;GIFT_BASKET;71378;1;71377;11;71376;22;71389;1;71390;11;71391;22;71383.5;0.0
0;29400;ROSES;14883;22;14882;38;;;14884;60;;;;;14883.5;0.0
0;29400;STRAWBERRIES;3999;218;;;;;4000;218;;;;;3999.5;0.0
0;29400;CHOCOLATE;8035;50;8034;66;;;8036;50;8037;66;;;8035.5;0.0
0;29500;STRAWBERRIES;3999;184;;;;;4000;184;;;;;3999.5;0.0
0;29500;CHOCOLATE;8035;124;;;;;8037;118;;;;;8036.0;0.0
0;29500;GIFT_BASKET;71388;2;71387;20;71385;15;71399;2;71400;20;71401;15;71393.5;0.0
0;29500;ROSES;14885;15;14884;47;;;14886;62;;;;;14885.5;0.0
0;29600;ROSES;14885;56;;;;;14886;56;;;;;14885.5;0.0
0;29600;STRAWBERRIES;3998;241;;;;;4000;248;;;;;3999.0;0.0
0;29600;CHOCOLATE;8036;142;;;;;8037;50;8038;92;;;8036.5;0.0
0;29600;GIFT_BASKET;71386;18;71385;15;;;71399;18;71400;15;;;71392.5;0.0
0;29700;CHOCOLATE;8035;41;8034;67;;;8036;41;8037;67;;;8035.5;0.0
0;29700;GIFT_BASKET;71387;1;71386;18;71385;16;71398;1;71399;18;71400;16;71392.5;0.0
0;29700;ROSES;14885;62;;;;;14887;62;;;;;14886.0;0.0
0;29700;STRAWBERRIES;3998;245;;;;;4000;245;;;;;3999.0;0.0
0;29800;GIFT_BASKET;71386;1;71385;17;71384;22;71391;4;71397;1;71398;17;71388.5;0.0
0;29800;ROSES;14885;22;14884;38;;;14886;60;;;;;14885.5;0.0
0;29800;STRAWBERRIES;3998;250;;;;;3999;50;4000;200;;;3998.5;0.0
0;29800;CHOCOLATE;8035;36;8034;50;;;8036;36;8037;50;;;8035.5;0.0
0;29900;STRAWBERRIES;3998;60;3997;150;;;3999;210;;;;;3998.5;0.0
0;29900;CHOCOLATE;8035;97;;;;;8036;37;8037;60;;;8035.5;0.0
0;29900;GIFT_BASKET;71391;1;71390;16;71389;16;71402;1;71403;16;71404;16;71396.5;0.0
0;29900;ROSES;14884;65;;;;;14885;16;14886;49;;;14884.5;0.0
0;30000;ROSES;14884;48;;;;;14886;48;;;;;14885.0;0.0
0;30000;STRAWBERRIES;3998;79;3997;100;;;3999;179;;;;;3998.5;0.0
0;30000;CHOCOLATE;8035;129;;;;;8037;129;;;;;8036.0;0.0
0;30000;GIFT_BASKET;71387;1;71386;17;71385;17;71398;1;71399;17;71401;17;71392.5;0.0
0;30100;CHOCOLATE;8036;57;8035;84;;;8037;141;;;;;8036.5;0.0
0;30100;GIFT_BASKET;71389;19;71388;30;;;71402;19;71403;30;;;71395.5;0.0
0;30100;ROSES;14889;30;14888;45;;;14890;75;;;;;14889.5;0.0
0;30100;STRAWBERRIES;3997;242;;;;;3998;242;;;;;3997.5;0.0
0;30200;GIFT_BASKET;71400;2;71399;16;71397;30;71411;2;71412;16;71413;30;71405.5;0.0
0;30200;ROSES;14890;67;;;;;14891;30;14892;37;;;14890.5;0.0
0;30200;STRAWBERRIES;3997;264;;;;;3999;264;;;;;3998.0;0.0
0;30200;CHOCOLATE;8036;37;8035;75;;;8037;37;8038;75;;;8036.5;0.0
0;30300;STRAWBERRIES;3997;201;;;;;3998;65;3999;130;;;3997.5;0.0
0;30300;CHOCOLATE;8037;116;;;;;8039;116;;;;;8038.0;0.0
0;30300;GIFT_BASKET;71396;2;71395;12;71394;15;71407;2;71408;12;71410;15;71401.5;0.0
0;30300;ROSES;14890;48;;;;;14891;48;;;;;14890.5;0.0
0;30400;ROSES;14888;58;;;;;14890;58;;;;;14889.0;0.0
0;30400;STRAWBERRIES;3997;272;;;;;3999;272;;;;;3998.0;0.0
0;30400;CHOCOLATE;8036;49;8035;75;;;8037;124;;;;;8036.5;0.0
0;30400;GIFT_BASKET;71389;2;71388;20;71387;25;71400;2;71401;20;71402;25;71394.5;0.0
0;30500;CHOCOLATE;8037;116;;;;;8039;116;;;;;8038.0;0.0
0;30500;ROSES;14887;6;14886;53;;;14888;53;;;;;14887.5;0.0
0;30500;GIFT_BASKET;71394;1;71393;12;71392;16;71399;1;71405;1;71406;12;71396.5;0.0
0;30500;STRAWBERRIES;3997;204;;;;;3999;204;;;;;3998.0;0.0
0;30600;GIFT_BASKET;71398;10;71397;21;;;71411;10;71412;21;;;71404.5;0.0
0;30600;ROSES;14891;64;;;;;14892;64;;;;;14891.5;0.0
0;30600;STRAWBERRIES;3997;194;;;;;3999;194;;;;;3998.0;0.0
0;30600;CHOCOLATE;8036;109;;;;;8038;109;;;;;8037.0;0.0
0;30700;STRAWBERRIES;3997;248;;;;;3998;248;;;;;3997.5;0.0
0;30700;CHOCOLATE;8037;103;;;;;8039;103;;;;;8038.0;0.0
0;30700;ROSES;14892;54;;;;;14894;54;;;;;14893.0;0.0
0;30700;GIFT_BASKET;71409;2;71404;1;71403;12;71415;1;71417;12;71418;15;71412.0;0.0
0;30800;ROSES;14893;15;14892;32;;;14894;47;;;;;14893.5;0.0
0;30800;STRAWBERRIES;3997;239;;;;;3998;239;;;;;3997.5;0.0
0;30800;CHOCOLATE;8037;151;;;;;8039;151;;;;;8038.0;0.0
0;30800;GIFT_BASKET;71407;17;71406;15;;;71420;17;71422;15;;;71413.5;0.0
0;30900;CHOCOLATE;8039;45;8038;50;;;8040;45;8041;50;;;8039.5;0.0
0;30900;ROSES;14892;18;14891;41;;;14893;59;;;;;14892.5;0.0
0;30900;GIFT_BASKET;71420;18;71419;18;;;71433;18;71434;18;;;71426.5;0.0
0;30900;STRAWBERRIES;3997;202;;;;;3999;202;;;;;3998.0;0.0
0;31000;GIFT_BASKET;71417;10;71416;17;;;71430;10;71431;17;;;71423.5;0.0
0;31000;ROSES;14888;66;;;;;14890;66;;;;;14889.0;0.0
0;31000;STRAWBERRIES;3997;224;;;;;3998;224;;;;;3997.5;0.0
0;31000;CHOCOLATE;8038;52;8037;97;;;8039;52;8040;97;;;8038.5;0.0
0;31100;STRAWBERRIES;3997;207;;;;;3999;207;;;;;3998.0;0.0
0;31100;CHOCOLATE;8039;51;8038;81;;;8040;51;8041;81;;;8039.5;0.0
0;31100;ROSES;14888;64;;;;;14890;64;;;;;14889.0;0.0
0;31100;GIFT_BASKET;71426;1;71425;11;71424;30;71437;1;71438;11;71439;30;71431.5;0.0
0;31200;ROSES;14891;25;14890;35;;;14892;60;;;;;14891.5;0.0
0;31200;STRAWBERRIES;3998;6;3997;222;;;3999;222;;;;;3998.5;0.0
0;31200;CHOCOLATE;8039;64;8038;89;;;8040;149;;;;;8039.5;0.0
0;31200;GIFT_BASKET;71442;2;71441;13;71440;25;71453;2;71454;13;71455;25;71447.5;0.0
0;31300;CHOCOLATE;8038;88;;;;;8040;88;;;;;8039.0;0.0
0;31300;GIFT_BASKET;71435;15;71434;16;;;71449;15;71450;16;;;71442.0;0.0
0;31300;ROSES;14890;16;14889;43;;;14891;59;;;;;14890.5;0.0
0;31300;STRAWBERRIES;3997;160;;;;;3999;160;;;;;3998.0;0.0
0;31400;GIFT_BASKET;71442;2;71441;12;71440;28;71453;2;71454;12;71455;28;71447.5;0.0
0;31400;ROSES;14889;75;;;;;14890;75;;;;;14889.5;0.0
0;31400;STRAWBERRIES;3998;96;3997;136;;;3999;232;;;;;3998.5;0.0
0;31400;CHOCOLATE;8040;45;8039;96;;;8041;141;;;;;8040.5;0.0
0;31500;ROSES;14888;55;;;;;14890;55;;;;;14889.0;0.0
0;31500;STRAWBERRIES;3998;250;;;;;3999;250;;;;;3998.5;0.0
0;31500;CHOCOLATE;8039;111;;;;;8040;56;8041;55;;;8039.5;0.0
0;31500;GIFT_BASKET;71440;11;71439;25;;;71453;11;71454;25;;;71446.5;0.0
0;31600;STRAWBERRIES;3998;7;3997;168;;;3999;168;;;;;3998.5;0.0
0;31600;CHOCOLATE;8039;53;8038;64;;;8040;117;;;;;8039.5;0.0
0;31600;GIFT_BASKET;71433;2;71432;20;71431;25;71444;2;71445;20;71446;25;71438.5;0.0
0;31600;ROSES;14889;25;14888;50;;;14890;75;;;;;14889.5;0.0
0;31700;CHOCOLATE;8039;116;;;;;8041;116;;;;;8040.0;0.0
0;31700;GIFT_BASKET;71422;17;71421;23;;;71436;17;71437;23;;;71429.0;0.0
0;31700;ROSES;14884;56;;;;;14885;23;14886;33;;;14884.5;0.0
0;31700;STRAWBERRIES;3998;75;3997;171;;;3999;246;;;;;3998.5;0.0
0;31800;GIFT_BASKET;71422;4;71410;10;71409;27;71423;10;71424;27;;;71422.5;0.0
0;31800;ROSES;14883;70;;;;;14885;70;;;;;14884.0;0.0
0;31800;STRAWBERRIES;3997;192;;;;;3999;192;;;;;3998.0;0.0
0;31800;CHOCOLATE;8039;46;8038;82;;;8040;122;;;;;8039.5;0.0
0;31900;ROSES;14881;59;;;;;14882;17;14883;42;;;14881.5;0.0
0;31900;STRAWBERRIES;3997;189;;;;;3999;189;;;;;3998.0;0.0
0;31900;CHOCOLATE;8039;115;;;;;8041;115;;;;;8040.0;0.0
0;31900;GIFT_BASKET;71419;2;71418;20;71417;17;71430;2;71431;20;71432;17;71424.5;0.0
0;32000;STRAWBERRIES;3997;234;;;;;3999;234;;;;;3998.0;0.0
0;32000;CHOCOLATE;8041;128;;;;;8043;128;;;;;8042.0;0.0
0;32000;GIFT_BASKET;71424;1;71423;20;71422;19;71435;1;71436;20;71437;19;71429.5;0.0
0;32000;ROSES;14883;54;;;;;14884;5;14885;54;;;14883.5;0.0
0;32100;CHOCOLATE;8041;49;8040;95;;;8042;49;8043;95;;;8041.5;0.0
0;32100;GIFT_BASKET;71408;1;71407;15;71406;24;71419;1;71420;15;71421;24;71413.5;0.0
0;32100;ROSES;14881;70;;;;;14883;70;;;;;14882.0;0.0
0;32100;STRAWBERRIES;3997;95;3996;191;;;3998;286;;;;;3997.5;0.0
0;32200;GIFT_BASKET;71422;1;71421;11;71420;28;71433;1;71435;11;71436;28;71427.5;0.0
0;32200;ROSES;14883;66;;;;;14884;66;;;;;14883.5;0.0
0;32200;STRAWBERRIES;3996;260;;;;;3998;260;;;;;3997.0;0.0
0;32200;CHOCOLATE;8042;45;8041;77;;;8043;130;;;;;8042.5;0.0
0;32300;ROSES;14887;48;;;;;14888;15;14889;33;;;14887.5;0.0
0;32300;STRAWBERRIES;3997;63;3996;108;;;3998;171;;;;;3997.5;0.0
0;32300;CHOCOLATE;8041;44;8040;63;;;8042;107;;;;;8041.5;0.0
0;32300;GIFT_BASKET;71426;1;71425;18;71424;15;71437;1;71438;18;71439;15;71431.5;0.0
0;32400;STRAWBERRIES;3996;193;;;;;3997;58;3998;135;;;3996.5;0.0
0;32400;CHOCOLATE;8041;41;8040;58;;;8042;99;;;;;8041.5;0.0
0;32400;GIFT_BASKET;71423;2;71422;16;71421;18;71434;2;71435;16;71436;18;71428.5;0.0
0;32400;ROSES;14886;62;;;;;14888;62;;;;;14887.0;0.0
0;32500;CHOCOLATE;8040;104;;;;;8041;35;8042;69;;;8040.5;0.0
0;32500;GIFT_BASKET;71416;2;71415;15;71414;15;71427;2;71428;15;71429;15;71421.5;0.0
0;32500;ROSES;14885;15;14884;32;;;14886;47;;;;;14885.5;0.0
0;32500;STRAWBERRIES;3997;69;3996;113;;;3998;182;;;;;3997.5;0.0
0;32600;GIFT_BASKET;71413;14;71412;15;;;71426;14;71427;15;;;71419.5;0.0
0;32600;ROSES;14885;63;;;;;14886;15;14887;48;;;14885.5;0.0
0;32600;STRAWBERRIES;3997;68;3996;110;;;3998;178;;;;;3997.5;0.0
0;32600;CHOCOLATE;8039;121;;;;;8040;53;8041;68;;;8039.5;0.0
0;32700;STRAWBERRIES;3997;206;;;;;3998;206;;;;;3997.5;0.0
0;32700;ROSES;14885;63;;;;;14886;21;14887;42;;;14885.5;0.0
0;32700;CHOCOLATE;8037;122;;;;;8038;35;8039;87;;;8037.5;0.0
0;32700;GIFT_BASKET;71405;1;71404;12;71403;21;71410;2;71416;1;71417;12;71407.5;0.0
0;32800;CHOCOLATE;8036;59;8035;62;;;8037;59;8038;62;;;8036.5;0.0
0;32800;STRAWBERRIES;3997;210;;;;;3998;62;3999;148;;;3997.5;0.0
0;32800;GIFT_BASKET;71399;19;71398;27;;;71412;19;71413;27;;;71405.5;0.0
0;32800;ROSES;14882;73;;;;;14884;73;;;;;14883.0;0.0
0;32900;CHOCOLATE;8033;144;;;;;8035;144;;;;;8034.0;0.0
0;32900;GIFT_BASKET;71398;4;71393;1;71392;20;71404;1;71405;20;71406;20;71401.0;0.0
0;32900;STRAWBERRIES;3997;229;;;;;3999;229;;;;;3998.0;0.0
0;32900;ROSES;14884;20;14883;45;;;14885;65;;;;;14884.5;0.0
0;33000;GIFT_BASKET;71397;1;71396;16;71395;23;71402;3;71408;1;71410;16;71399.5;0.0
0;33000;ROSES;14889;73;;;;;14891;73;;;;;14890.0;0.0
0;33000;CHOCOLATE;8034;47;8033;51;;;8035;98;;;;;8034.5;0.0
0;33000;STRAWBERRIES;3997;243;;;;;3999;243;;;;;3998.0;0.0
0;33100;STRAWBERRIES;3997;190;;;;;3998;190;;;;;3997.5;0.0
0;33100;ROSES;14889;22;14888;49;;;14890;71;;;;;14889.5;0.0
0;33100;CHOCOLATE;8035;121;;;;;8036;53;8037;68;;;8035.5;0.0
0;33100;GIFT_BASKET;71399;16;71398;22;;;71413;16;71414;22;;;71406.0;0.0
0;33200;CHOCOLATE;8035;64;8034;54;;;8036;118;;;;;8035.5;0.0
0;33200;STRAWBERRIES;3996;189;;;;;3998;189;;;;;3997.0;0.0
0;33200;GIFT_BASKET;71390;20;71389;18;;;71403;20;71404;18;;;71396.5;0.0
0;33200;ROSES;14888;55;;;;;14889;55;;;;;14888.5;0.0
0;33300;CHOCOLATE;8034;38;8033;60;;;8035;98;;;;;8034.5;0.0
0;33300;GIFT_BASKET;71383;2;71381;14;71380;16;71393;2;71395;14;71396;16;71388.0;0.0
0;33300;STRAWBERRIES;3997;60;3996;185;;;3998;245;;;;;3997.5;0.0
0;33300;ROSES;14885;53;;;;;14886;53;;;;;14885.5;0.0
0;33400;GIFT_BASKET;71377;19;71376;17;;;71391;19;71392;17;;;71384.0;0.0
0;33400;ROSES;14886;48;;;;;14887;48;;;;;14886.5;0.0
0;33400;CHOCOLATE;8034;43;8033;84;;;8035;43;8036;84;;;8034.5;0.0
0;33400;STRAWBERRIES;3996;220;;;;;3998;220;;;;;3997.0;0.0
0;33500;STRAWBERRIES;3996;283;;;;;3998;283;;;;;3997.0;0.0
0;33500;ROSES;14882;61;;;;;14884;61;;;;;14883.0;0.0
0;33500;CHOCOLATE;8033;138;;;;;8035;138;;;;;8034.0;0.0
0;33500;GIFT_BASKET;71375;17;71373;23;;;71388;17;71389;23;;;71381.5;0.0
0;33600;CHOCOLATE;8033;41;8032;74;;;8034;41;8035;74;;;8033.5;0.0
0;33600;STRAWBERRIES;3996;184;;;;;3998;184;;;;;3997.0;0.0
0;33600;GIFT_BASKET;71374;18;71372;29;;;71387;18;71388;29;;;71380.5;0.0
0;33600;ROSES;14879;60;;;;;14881;60;;;;;14880.0;0.0
0;33700;GIFT_BASKET;71384;1;71383;13;71382;19;71395;1;71396;13;71397;19;71389.5;0.0
0;33700;CHOCOLATE;8033;58;8032;89;;;8034;147;;;;;8033.5;0.0
0;33700;STRAWBERRIES;3997;289;;;;;3998;289;;;;;3997.5;0.0
0;33700;ROSES;14883;55;;;;;14884;55;;;;;14883.5;0.0
0;33800;GIFT_BASKET;71359;13;71358;21;;;71372;13;71373;21;;;71365.5;0.0
0;33800;ROSES;14880;59;;;;;14882;59;;;;;14881.0;0.0
0;33800;CHOCOLATE;8031;59;8030;77;;;8032;136;;;;;8031.5;0.0
0;33800;STRAWBERRIES;3997;77;3996;183;;;3998;260;;;;;3997.5;0.0
0;33900;ROSES;14883;63;;;;;14885;63;;;;;14884.0;0.0
0;33900;STRAWBERRIES;3996;150;;;;;3997;155;;;;;3996.5;0.0
0;33900;GIFT_BASKET;71376;13;71375;22;;;71389;13;71390;22;;;71382.5;0.0
0;33900;CHOCOLATE;8033;46;8032;50;;;8034;96;;;;;8033.5;0.0
0;34000;CHOCOLATE;8033;105;;;;;8035;105;;;;;8034.0;0.0
0;34000;STRAWBERRIES;3996;168;;;;;3998;168;;;;;3997.0;0.0
0;34000;GIFT_BASKET;71385;1;71384;16;71383;23;71396;1;71397;16;71398;23;71390.5;0.0
0;34000;ROSES;14888;23;14887;43;;;14889;66;;;;;14888.5;0.0
0;34100;GIFT_BASKET;71392;3;71387;1;71386;12;71398;1;71399;12;71400;20;71395.0;0.0
0;34100;CHOCOLATE;8034;43;8033;70;;;8035;43;8036;70;;;8034.5;0.0
0;34100;ROSES;14888;67;;;;;14890;67;;;;;14889.0;0.0
0;34100;STRAWBERRIES;3996;210;;;;;3998;210;;;;;3997.0;0.0
0;34200;GIFT_BASKET;71374;1;71373;12;71372;27;71379;2;71385;1;71386;12;71376.5;0.0
0;34200;ROSES;14890;77;;;;;14891;77;;;;;14890.5;0.0
0;34200;CHOCOLATE;8031;131;;;;;8033;131;;;;;8032.0;0.0
0;34200;STRAWBERRIES;3996;76;3995;179;;;3997;255;;;;;3996.5;0.0
0;34300;ROSES;14895;58;;;;;14897;58;;;;;14896.0;0.0
0;34300;STRAWBERRIES;3995;255;;;;;3997;255;;;;;3996.0;0.0
0;34300;GIFT_BASKET;71375;2;71373;11;71372;26;71385;2;71387;11;71388;26;71380.0;0.0
0;34300;CHOCOLATE;8030;111;;;;;8032;111;;;;;8031.0;0.0
0;34400;CHOCOLATE;8032;55;8031;95;;;8033;55;8034;95;;;8032.5;0.0
0;34400;STRAWBERRIES;3996;215;;;;;3998;215;;;;;3997.0;0.0
0;34400;GIFT_BASKET;71391;2;71390;12;71389;22;71402;2;71404;12;71405;22;71396.5;0.0
0;34400;ROSES;14895;70;;;;;14896;70;;;;;14895.5;0.0
0;34500;GIFT_BASKET;71384;12;71383;24;;;71397;12;71398;24;;;71390.5;0.0
0;34500;CHOCOLATE;8031;105;;;;;8033;105;;;;;8032.0;0.0
0;34500;ROSES;14893;65;;;;;14894;24;14895;41;;;14893.5;0.0
0;34500;STRAWBERRIES;3996;159;;;;;3997;159;;;;;3996.5;0.0
0;34600;GIFT_BASKET;71381;10;71380;16;;;71395;10;71396;16;;;71388.0;0.0
0;34600;ROSES;14889;54;;;;;14891;54;;;;;14890.0;0.0
0;34600;CHOCOLATE;8031;52;8030;71;;;8032;123;;;;;8031.5;0.0
0;34600;STRAWBERRIES;3996;260;;;;;3998;260;;;;;3997.0;0.0
0;34700;ROSES;14889;64;;;;;14891;64;;;;;14890.0;0.0
0;34700;STRAWBERRIES;3996;258;;;;;3997;85;3998;173;;;3996.5;0.0
0;34700;GIFT_BASKET;71398;20;71397;28;;;71411;20;71412;28;;;71404.5;0.0
0;34700;CHOCOLATE;8034;65;8033;85;;;8035;150;;;;;8034.5;0.0
0;34800;CHOCOLATE;8032;138;;;;;8034;138;;;;;8033.0;0.0
0;34800;STRAWBERRIES;3995;216;;;;;3997;216;;;;;3996.0;0.0
0;34800;ROSES;14893;57;;;;;14895;57;;;;;14894.0;0.0
0;34800;GIFT_BASKET;71400;18;71399;15;;;71413;18;71414;15;;;71406.5;0.0
0;34900;GIFT_BASKET;71401;2;71400;19;71398;24;71412;2;71413;19;71414;24;71406.5;0.0
0;34900;CHOCOLATE;8033;147;;;;;8034;59;8035;88;;;8033.5;0.0
0;34900;ROSES;14896;58;;;;;14897;24;14898;34;;;14896.5;0.0
0;34900;STRAWBERRIES;3995;197;;;;;3997;197;;;;;3996.0;0.0
0;35000;ROSES;14894;25;14893;35;;;14895;60;;;;;14894.5;0.0
0;35000;GIFT_BASKET;71392;2;71390;17;71389;25;71403;2;71404;17;71405;25;71397.5;0.0
0;35000;CHOCOLATE;8033;123;;;;;8034;64;8035;59;;;8033.5;0.0
0;35000;STRAWBERRIES;3995;188;;;;;3997;188;;;;;3996.0;0.0
0;35100;ROSES;14891;51;;;;;14892;21;14893;33;;;14891.5;0.0
0;35100;STRAWBERRIES;3996;268;;;;;3997;268;;;;;3996.5;0.0
0;35100;GIFT_BASKET;71382;1;71380;10;71379;21;71393;1;71394;10;71395;21;71387.5;0.0
0;35100;CHOCOLATE;8033;126;;;;;8035;126;;;;;8034.0;0.0
0;35200;CHOCOLATE;8033;39;8032;80;;;8034;119;;;;;8033.5;0.0
0;35200;STRAWBERRIES;3996;85;3995;147;;;3997;227;;;;;3996.5;0.0
0;35200;ROSES;14890;24;14889;48;;;14891;72;;;;;14890.5;0.0
0;35200;GIFT_BASKET;71364;13;71363;24;;;71377;13;71378;24;;;71370.5;0.0
0;35300;GIFT_BASKET;71370;13;71369;29;;;71383;13;71384;29;;;71376.5;0.0
0;35300;CHOCOLATE;8033;62;8032;61;;;8034;62;8035;61;;;8033.5;0.0
0;35300;ROSES;14890;60;;;;;14892;60;;;;;14891.0;0.0
0;35300;STRAWBERRIES;3996;247;;;;;3998;247;;;;;3997.0;0.0
0;35400;ROSES;14890;58;;;;;14891;58;;;;;14890.5;0.0
0;35400;GIFT_BASKET;71372;17;71371;23;;;71385;17;71386;23;;;71378.5;0.0
0;35400;CHOCOLATE;8033;100;;;;;8035;100;;;;;8034.0;0.0
0;35400;STRAWBERRIES;3996;231;;;;;3998;231;;;;;3997.0;0.0
0;35500;ROSES;14890;57;;;;;14892;57;;;;;14891.0;0.0
0;35500;STRAWBERRIES;3996;86;3995;119;;;3997;205;;;;;3996.5;0.0
0;35500;GIFT_BASKET;71382;18;71381;24;;;71395;18;71396;24;;;71388.5;0.0
0;35500;CHOCOLATE;8036;135;;;;;8038;135;;;;;8037.0;0.0
0;35600;CHOCOLATE;8037;40;8036;58;;;8038;40;8039;58;;;8037.5;0.0
0;35600;STRAWBERRIES;3996;168;;;;;3997;179;;;;;3996.5;0.0
0;35600;ROSES;14891;63;;;;;14893;63;;;;;14892.0;0.0
0;35600;GIFT_BASKET;71388;1;71387;11;71386;15;71399;1;71400;11;71402;15;71393.5;0.0
0;35700;GIFT_BASKET;71388;1;71387;12;71386;29;71399;1;71400;12;71401;29;71393.5;0.0
0;35700;CHOCOLATE;8037;119;;;;;8039;119;;;;;8038.0;0.0
0;35700;ROSES;14890;69;;;;;14892;69;;;;;14891.0;0.0
0;35700;STRAWBERRIES;3995;251;;;;;3997;251;;;;;3996.0;0.0
0;35800;ROSES;14890;74;;;;;14892;74;;;;;14891.0;0.0
0;35800;GIFT_BASKET;71393;2;71392;19;71391;29;71404;2;71405;19;71406;29;71398.5;0.0
0;35800;CHOCOLATE;8037;130;;;;;8038;50;8039;80;;;8037.5;0.0
0;35800;STRAWBERRIES;3995;255;;;;;3997;255;;;;;3996.0;0.0
0;35900;STRAWBERRIES;3995;268;;;;;3997;268;;;;;3996.0;0.0
0;35900;ROSES;14891;63;;;;;14892;63;;;;;14891.5;0.0
0;35900;GIFT_BASKET;71402;1;71401;20;71400;18;71413;1;71414;20;71415;18;71407.5;0.0
0;35900;CHOCOLATE;8037;40;8036;98;;;8038;40;8039;98;;;8037.5;0.0
0;36000;CHOCOLATE;8037;35;8036;67;;;8038;35;8039;67;;;8037.5;0.0
0;36000;STRAWBERRIES;3995;237;;;;;3997;237;;;;;3996.0;0.0
0;36000;ROSES;14891;26;14890;49;;;14892;75;;;;;14891.5;0.0
0;36000;GIFT_BASKET;71403;8;71397;17;71396;26;71410;17;71411;26;;;71406.5;0.0
0;36100;GIFT_BASKET;71408;14;71407;27;;;71421;14;71422;27;;;71414.5;0.0
0;36100;CHOCOLATE;8037;48;8036;51;;;8038;99;;;;;8037.5;0.0
0;36100;STRAWBERRIES;3996;51;3995;175;;;3997;226;;;;;3996.5;0.0
0;36100;ROSES;14892;70;;;;;14893;27;14894;43;;;14892.5;0.0
0;36200;ROSES;14897;50;;;;;14899;50;;;;;14898.0;0.0
0;36200;GIFT_BASKET;71419;1;71418;17;71417;15;71430;1;71432;17;71433;15;71424.5;0.0
0;36200;CHOCOLATE;8037;52;8036;57;;;8038;109;;;;;8037.5;0.0
0;36200;STRAWBERRIES;3995;206;;;;;3997;206;;;;;3996.0;0.0
0;36300;STRAWBERRIES;3996;190;;;;;3997;190;;;;;3996.5;0.0
0;36300;ROSES;14899;59;;;;;14900;59;;;;;14899.5;0.0
0;36300;GIFT_BASKET;71417;14;71416;16;;;71430;14;71431;16;;;71423.5;0.0
0;36300;CHOCOLATE;8036;142;;;;;8038;142;;;;;8037.0;0.0
0;36400;CHOCOLATE;8036;136;;;;;8038;136;;;;;8037.0;0.0
0;36400;STRAWBERRIES;3996;244;;;;;3997;244;;;;;3996.5;0.0
0;36400;ROSES;14899;58;;;;;14900;15;14901;43;;;14899.5;0.0
0;36400;GIFT_BASKET;71418;1;71417;15;71416;15;71429;1;71430;15;71431;15;71423.5;0.0
0;36500;GIFT_BASKET;71415;1;71414;14;71413;27;71426;1;71427;14;71428;27;71420.5;0.0
0;36500;CHOCOLATE;8038;56;8037;83;;;8039;139;;;;;8038.5;0.0
0;36500;STRAWBERRIES;3996;83;3995;186;;;3997;269;;;;;3996.5;0.0
0;36500;ROSES;14894;66;;;;;14896;66;;;;;14895.0;0.0
0;36600;ROSES;14895;61;;;;;14897;61;;;;;14896.0;0.0
0;36600;GIFT_BASKET;71404;14;71403;27;;;71410;4;71417;14;71418;27;71407.0;0.0
0;36600;CHOCOLATE;8037;102;;;;;8039;102;;;;;8038.0;0.0
0;36600;STRAWBERRIES;3996;59;3995;133;;;3997;192;;;;;3996.5;0.0
0;36700;STRAWBERRIES;3995;255;;;;;3996;81;3997;174;;;3995.5;0.0
0;36700;ROSES;14890;49;;;;;14891;49;;;;;14890.5;0.0
0;36700;GIFT_BASKET;71396;16;71394;17;;;71409;16;71410;17;;;71402.5;0.0
0;36700;CHOCOLATE;8037;118;;;;;8039;126;;;;;8038.0;0.0
0;36800;CHOCOLATE;8039;36;8038;61;;;8040;97;;;;;8039.5;0.0
0;36800;STRAWBERRIES;3994;181;;;;;3996;181;;;;;3995.0;0.0
0;36800;ROSES;14886;56;;;;;14887;56;;;;;14886.5;0.0
0;36800;GIFT_BASKET;71384;1;71383;17;71382;22;71395;1;71396;17;71397;22;71389.5;0.0
0;36900;GIFT_BASKET;71379;2;71378;12;71377;20;71390;2;71391;12;71392;20;71384.5;0.0
0;36900;CHOCOLATE;8036;105;;;;;8038;114;;;;;8037.0;0.0
0;36900;STRAWBERRIES;3995;57;3994;104;;;3996;161;;;;;3995.5;0.0
0;36900;ROSES;14888;53;;;;;14890;53;;;;;14889.0;0.0
0;37000;ROSES;14890;62;;;;;14892;62;;;;;14891.0;0.0
0;37000;GIFT_BASKET;71385;14;71384;29;;;71398;14;71399;29;;;71391.5;0.0
0;37000;CHOCOLATE;8039;62;8038;54;;;8040;62;8041;54;;;8039.5;0.0
0;37000;STRAWBERRIES;3995;54;3994;122;;;3996;176;;;;;3995.5;0.0
0;37100;ROSES;14890;70;;;;;14891;70;;;;;14890.5;0.0
0;37100;GIFT_BASKET;71388;1;71387;14;71386;27;71399;1;71400;14;71401;27;71393.5;0.0
0;37100;CHOCOLATE;8039;127;;;;;8041;127;;;;;8040.0;0.0
0;37100;STRAWBERRIES;3995;170;;;;;3996;70;3997;100;;;3995.5;0.0
0;37200;STRAWBERRIES;3995;265;;;;;3997;265;;;;;3996.0;0.0
0;37200;ROSES;14885;69;;;;;14886;28;14887;41;;;14885.5;0.0
0;37200;CHOCOLATE;8039;41;8038;87;;;8040;41;8041;87;;;8039.5;0.0
0;37200;GIFT_BASKET;71387;10;71386;28;;;71400;10;71401;28;;;71393.5;0.0
0;37300;GIFT_BASKET;71388;12;71387;25;;;71401;12;71402;25;;;71394.5;0.0
0;37300;STRAWBERRIES;3995;244;;;;;3996;244;;;;;3995.5;0.0
0;37300;CHOCOLATE;8040;56;8039;96;;;8041;56;8042;96;;;8040.5;0.0
0;37300;ROSES;14884;60;;;;;14885;25;14886;35;;;14884.5;0.0
0;37400;STRAWBERRIES;3995;276;;;;;3997;276;;;;;3996.0;0.0
0;37400;ROSES;14882;78;;;;;14883;30;14884;48;;;14882.5;0.0
0;37400;CHOCOLATE;8040;51;8039;83;;;8041;51;8042;83;;;8040.5;0.0
0;37400;GIFT_BASKET;71383;1;71382;14;71381;30;71394;1;71396;14;71397;30;71388.5;0.0
0;37500;CHOCOLATE;8038;130;;;;;8040;130;;;;;8039.0;0.0
0;37500;ROSES;14884;54;;;;;14885;54;;;;;14884.5;0.0
0;37500;GIFT_BASKET;71381;12;71380;19;;;71394;12;71395;19;;;71387.5;0.0
0;37500;STRAWBERRIES;3995;252;;;;;3997;252;;;;;3996.0;0.0
0;37600;STRAWBERRIES;3995;58;3994;110;;;3996;168;;;;;3995.5;0.0
0;37600;ROSES;14890;73;;;;;14892;73;;;;;14891.0;0.0
0;37600;CHOCOLATE;8038;96;;;;;8039;38;8040;58;;;8038.5;0.0
0;37600;GIFT_BASKET;71386;2;71385;19;71384;26;71391;3;71397;2;71398;19;71388.5;0.0
0;37700;GIFT_BASKET;71398;1;71397;20;71396;26;71409;1;71411;20;71412;26;71403.5;0.0
0;37700;STRAWBERRIES;3995;183;;;;;3996;183;;;;;3995.5;0.0
0;37700;CHOCOLATE;8039;135;;;;;8041;135;;;;;8040.0;0.0
0;37700;ROSES;14891;68;;;;;14892;68;;;;;14891.5;0.0
0;37800;STRAWBERRIES;3995;226;;;;;3997;226;;;;;3996.0;0.0
0;37800;ROSES;14889;29;14888;33;;;14890;62;;;;;14889.5;0.0
0;37800;CHOCOLATE;8040;38;8039;63;;;8041;101;;;;;8040.5;0.0
0;37800;GIFT_BASKET;71396;2;71395;20;71394;29;71407;2;71408;20;71409;29;71401.5;0.0
0;37900;CHOCOLATE;8041;123;;;;;8043;123;;;;;8042.0;0.0
0;37900;ROSES;14885;59;;;;;14887;59;;;;;14886.0;0.0
0;37900;GIFT_BASKET;71409;2;71408;10;71407;23;71420;2;71421;10;71422;23;71414.5;0.0
0;37900;STRAWBERRIES;3996;233;;;;;3997;233;;;;;3996.5;0.0
0;38000;STRAWBERRIES;3996;227;;;;;3998;227;;;;;3997.0;0.0
0;38000;ROSES;14885;61;;;;;14886;21;14887;40;;;14885.5;0.0
0;38000;CHOCOLATE;8042;4;8041;124;;;8043;124;;;;;8042.5;0.0
0;38000;GIFT_BASKET;71416;4;71410;15;71408;21;71423;15;71424;21;;;71419.5;0.0
0;38100;STRAWBERRIES;3996;189;;;;;3998;189;;;;;3997.0;0.0
0;38100;CHOCOLATE;8040;137;;;;;8042;137;;;;;8041.0;0.0
0;38100;GIFT_BASKET;71404;20;71403;22;;;71410;1;71417;20;71418;22;71407.0;0.0
0;38100;ROSES;14885;22;14884;31;;;14886;53;;;;;14885.5;0.0
0;38200;ROSES;14881;57;;;;;14883;57;;;;;14882.0;0.0
0;38200;STRAWBERRIES;3996;231;;;;;3997;96;3998;135;;;3996.5;0.0
0;38200;CHOCOLATE;8040;140;;;;;8041;44;8042;96;;;8040.5;0.0
0;38200;GIFT_BASKET;71403;20;71402;18;;;71416;20;71417;18;;;71409.5;0.0
0;38300;CHOCOLATE;8041;44;8040;79;;;8042;123;;;;;8041.5;0.0
0;38300;GIFT_BASKET;71413;1;71412;19;71411;15;71424;1;71425;19;71426;15;71418.5;0.0
0;38300;ROSES;14882;15;14881;43;;;14883;58;;;;;14882.5;0.0
0;38300;STRAWBERRIES;3996;197;;;;;3998;197;;;;;3997.0;0.0
0;38400;GIFT_BASKET;71411;10;71410;23;;;71425;10;71426;23;;;71418.0;0.0
0;38400;ROSES;14878;61;;;;;14880;61;;;;;14879.0;0.0
0;38400;STRAWBERRIES;3996;253;;;;;3998;253;;;;;3997.0;0.0
0;38400;CHOCOLATE;8040;151;;;;;8042;151;;;;;8041.0;0.0
0;38500;STRAWBERRIES;3996;267;;;;;3997;267;;;;;3996.5;0.0
0;38500;CHOCOLATE;8039;121;;;;;8041;121;;;;;8040.0;0.0
0;38500;GIFT_BASKET;71415;6;71410;2;71408;17;71421;2;71422;17;71423;20;71418.0;0.0
0;38500;ROSES;14882;20;14881;36;;;14883;56;;;;;14882.5;0.0
0;38600;ROSES;14885;15;14884;32;;;14886;47;;;;;14885.5;0.0
0;38600;STRAWBERRIES;3997;204;;;;;3999;204;;;;;3998.0;0.0
0;38600;CHOCOLATE;8039;56;8038;75;;;8040;131;;;;;8039.5;0.0
0;38600;GIFT_BASKET;71407;13;71406;15;;;71420;13;71421;15;;;71413.5;0.0
0;38700;CHOCOLATE;8039;138;;;;;8041;138;;;;;8040.0;0.0
0;38700;GIFT_BASKET;71417;1;71416;20;71415;20;71422;2;71428;1;71429;20;71419.5;0.0
0;38700;ROSES;14888;20;14887;50;;;14889;70;;;;;14888.5;0.0
0;38700;STRAWBERRIES;3997;199;;;;;3999;199;;;;;3998.0;0.0
0;38800;GIFT_BASKET;71421;5;71415;14;71414;15;71428;14;71429;15;;;71424.5;0.0
0;38800;ROSES;14886;54;;;;;14888;54;;;;;14887.0;0.0
0;38800;STRAWBERRIES;3998;61;3997;172;;;3999;233;;;;;3998.5;0.0
0;38800;CHOCOLATE;8038;122;;;;;8040;122;;;;;8039.0;0.0
0;38900;STRAWBERRIES;3998;51;3997;134;;;3999;185;;;;;3998.5;0.0
0;38900;CHOCOLATE;8039;111;;;;;8041;111;;;;;8040.0;0.0
0;38900;GIFT_BASKET;71425;7;71420;1;71419;20;71431;1;71432;20;71433;19;71428.0;0.0
0;38900;ROSES;14888;19;14887;33;;;14889;52;;;;;14888.5;0.0
0;39000;ROSES;14887;59;;;;;14889;59;;;;;14888.0;0.0
0;39000;STRAWBERRIES;3998;263;;;;;3999;263;;;;;3998.5;0.0
0;39000;CHOCOLATE;8037;44;8036;66;;;8038;44;8039;66;;;8037.5;0.0
0;39000;GIFT_BASKET;71420;10;71419;23;;;71433;10;71434;23;;;71426.5;0.0
0;39100;CHOCOLATE;8035;113;;;;;8037;113;;;;;8036.0;0.0
0;39100;GIFT_BASKET;71413;1;71412;19;71411;16;71424;1;71425;19;71426;16;71418.5;0.0
0;39100;ROSES;14886;48;;;;;14887;16;14888;32;;;14886.5;0.0
0;39100;STRAWBERRIES;3997;240;;;;;3999;240;;;;;3998.0;0.0
0;39200;GIFT_BASKET;71417;19;71416;21;;;71431;19;71432;21;;;71424.0;0.0
0;39200;ROSES;14885;66;;;;;14887;66;;;;;14886.0;0.0
0;39200;STRAWBERRIES;3997;199;;;;;3999;199;;;;;3998.0;0.0
0;39200;CHOCOLATE;8035;59;8034;94;;;8036;153;;;;;8035.5;0.0
0;39300;STRAWBERRIES;3997;245;;;;;3999;245;;;;;3998.0;0.0
0;39300;CHOCOLATE;8035;42;8034;94;;;8036;42;8037;94;;;8035.5;0.0
