day;timestamp;product;bid_price_1;bid_volume_1;bid_price_2;bid_volume_2;bid_price_3;bid_volume_3;ask_price_1;ask_volume_1;ask_price_2;ask_volume_2;ask_price_3;ask_volume_3;mid_price;profit_and_loss
2;0;ROSES;14421;27;14420;35;;;14422;62;;;;;14421.5;0.0
2;0;STRAWBERRIES;4036;255;;;;;4037;255;;;;;4036.5;0.0
2;0;CHOCOLATE;7888;123;;;;;7890;123;;;;;7889.0;0.0
2;0;GIFT_BASKET;70593;1;70592;10;70591;27;70604;1;70605;10;70606;27;70598.5;0.0
2;100;CHOCOLATE;7889;102;;;;;7890;48;7891;54;;;7889.5;0.0
2;100;GIFT_BASKET;70615;3;70609;19;70608;20;70622;19;70623;20;;;70618.5;0.0
2;100;STRAWBERRIES;4036;224;;;;;4037;54;4038;170;;;4036.5;0.0
2;100;ROSES;14423;67;;;;;14425;67;;;;;14424.0;0.0
2;200;CHOCOLATE;7890;62;7889;50;;;7891;112;;;;;7890.5;0.0
2;200;GIFT_BASKET;70612;2;70611;13;70609;20;70622;2;70624;13;70625;20;70617.0;0.0
2;200;STRAWBERRIES;4036;173;;;;;4038;173;;;;;4037.0;0.0
2;200;ROSES;14422;65;;;;;14423;65;;;;;14422.5;0.0
2;300;ROSES;14421;62;;;;;14422;18;14423;44;;;14421.5;0.0
2;300;STRAWBERRIES;4036;246;;;;;4038;236;;;;;4037.0;0.0
2;300;GIFT_BASKET;70610;1;70609;15;70608;18;70621;1;70622;15;70623;18;70615.5;0.0
2;300;CHOCOLATE;7889;109;;;;;7891;109;;;;;7890.0;0.0
2;400;ROSES;14421;68;;;;;14423;68;;;;;14422.0;0.0
2;400;STRAWBERRIES;4036;173;;;;;4038;173;;;;;4037.0;0.0
2;400;GIFT_BASKET;70623;16;70622;30;;;70636;16;70637;30;;;70629.5;0.0
2;400;CHOCOLATE;7889;107;;;;;7891;107;;;;;7890.0;0.0
2;500;GIFT_BASKET;70631;14;70630;20;;;70644;14;70645;20;;;70637.5;0.0
2;500;CHOCOLATE;7888;127;;;;;7890;127;;;;;7889.0;0.0
2;500;ROSES;14422;20;14421;37;;;14423;57;;;;;14422.5;0.0
2;500;STRAWBERRIES;4037;88;4036;160;;;4038;248;;;;;4037.5;0.0
2;600;GIFT_BASKET;70631;14;70630;23;;;70644;14;70645;23;;;70637.5;0.0
2;600;CHOCOLATE;7888;121;;;;;7890;121;;;;;7889.0;0.0
2;600;ROSES;14421;66;;;;;14423;66;;;;;14422.0;0.0
2;600;STRAWBERRIES;4037;187;;;;;4038;187;;;;;4037.5;0.0
2;700;ROSES;14423;62;;;;;14424;18;14425;44;;;14423.5;0.0
2;700;STRAWBERRIES;4037;74;4036;143;;;4038;220;;;;;4037.5;0.0
2;700;GIFT_BASKET;70632;12;70631;18;;;70645;12;70646;18;;;70638.5;0.0
2;700;CHOCOLATE;7888;141;;;;;7890;141;;;;;7889.0;0.0
2;800;ROSES;14426;60;;;;;14427;28;14428;32;;;14426.5;0.0
2;800;STRAWBERRIES;4037;69;4036;145;;;4038;214;;;;;4037.5;0.0
2;800;GIFT_BASKET;70640;1;70639;10;70637;28;70650;1;70652;10;70653;28;70645.0;0.0
2;800;CHOCOLATE;7889;117;;;;;7891;117;;;;;7890.0;0.0
2;900;GIFT_BASKET;70651;3;70640;14;70639;24;70653;14;70654;24;;;70652.0;0.0
2;900;CHOCOLATE;7888;121;;;;;7890;121;;;;;7889.0;0.0
2;900;ROSES;14429;6;14428;65;;;14430;65;;;;;14429.5;0.0
2;900;STRAWBERRIES;4037;65;4036;109;;;4038;174;;;;;4037.5;0.0
2;1000;GIFT_BASKET;70659;2;70658;18;70657;30;70670;2;70671;18;70672;30;70664.5;0.0
2;1000;CHOCOLATE;7890;105;;;;;7892;105;;;;;7891.0;0.0
2;1000;ROSES;14427;78;;;;;14428;30;14429;48;;;14427.5;0.0
2;1000;STRAWBERRIES;4036;265;;;;;4038;265;;;;;4037.0;0.0
2;1100;ROSES;14422;63;;;;;14423;27;14424;36;;;14422.5;0.0
2;1100;STRAWBERRIES;4036;270;;;;;4037;87;4038;183;;;4036.5;0.0
2;1100;GIFT_BASKET;70648;2;70646;19;70645;27;70658;2;70659;19;70661;27;70653.0;0.0
2;1100;CHOCOLATE;7891;127;;;;;7893;127;;;;;7892.0;0.0
2;1200;ROSES;14422;56;;;;;14424;56;;;;;14423.0;0.0
2;1200;STRAWBERRIES;4036;190;;;;;4037;80;4038;110;;;4036.5;0.0
2;1200;GIFT_BASKET;70649;1;70648;12;70647;20;70660;1;70661;12;70662;20;70654.5;0.0
2;1200;CHOCOLATE;7892;117;;;;;7893;37;7894;80;;;7892.5;0.0
2;1300;GIFT_BASKET;70633;6;70628;5;70622;10;70635;10;70636;17;;;70634.0;0.0
2;1300;CHOCOLATE;7891;126;;;;;7892;49;7893;77;;;7891.5;0.0
2;1300;ROSES;14415;52;;;;;14416;52;;;;;14415.5;0.0
2;1300;STRAWBERRIES;4035;228;;;;;4037;228;;;;;4036.0;0.0
2;1400;STRAWBERRIES;4035;208;;;;;4037;208;;;;;4036.0;0.0
2;1400;GIFT_BASKET;70621;2;70620;16;70618;23;70631;2;70633;16;70634;23;70626.0;0.0
2;1400;CHOCOLATE;7889;158;;;;;7890;60;7891;98;;;7889.5;0.0
2;1400;ROSES;14417;23;14416;33;;;14418;56;;;;;14417.5;0.0
2;1500;ROSES;14418;66;;;;;14420;66;;;;;14419.0;0.0
2;1500;CHOCOLATE;7890;56;7889;69;;;7891;125;;;;;7890.5;0.0
2;1500;GIFT_BASKET;70626;2;70625;16;70624;26;70637;2;70638;16;70639;26;70631.5;0.0
2;1500;STRAWBERRIES;4035;231;;;;;4037;231;;;;;4036.0;0.0
2;1600;CHOCOLATE;7892;62;7891;89;;;7893;151;;;;;7892.5;0.0
2;1600;ROSES;14415;70;;;;;14416;29;14417;41;;;14415.5;0.0
2;1600;STRAWBERRIES;4036;89;4035;171;;;4037;260;;;;;4036.5;0.0
2;1600;GIFT_BASKET;70636;1;70635;12;70634;29;70647;1;70648;12;70649;29;70641.5;0.0
2;1700;GIFT_BASKET;70641;18;70640;29;;;70654;18;70655;29;;;70647.5;0.0
2;1700;STRAWBERRIES;4036;225;;;;;4037;86;4038;139;;;4036.5;0.0
2;1700;ROSES;14417;29;14416;46;;;14418;75;;;;;14417.5;0.0
2;1700;CHOCOLATE;7892;122;;;;;7894;122;;;;;7893.0;0.0
2;1800;STRAWBERRIES;4036;251;;;;;4037;251;;;;;4036.5;0.0
2;1800;GIFT_BASKET;70628;2;70627;15;70626;15;70639;2;70640;15;70641;15;70633.5;0.0
2;1800;CHOCOLATE;7892;35;7891;90;;;7893;125;;;;;7892.5;0.0
2;1800;ROSES;14415;45;;;;;14416;45;;;;;14415.5;0.0
2;1900;ROSES;14418;68;;;;;14419;30;14420;38;;;14418.5;0.0
2;1900;CHOCOLATE;7891;102;;;;;7893;102;;;;;7892.0;0.0
2;1900;GIFT_BASKET;70633;2;70632;11;70631;30;70644;2;70645;11;70646;30;70638.5;0.0
2;1900;STRAWBERRIES;4036;173;;;;;4038;173;;;;;4037.0;0.0
2;2000;CHOCOLATE;7891;5;7890;139;;;7892;139;;;;;7891.5;0.0
2;2000;ROSES;14416;56;;;;;14417;17;14418;39;;;14416.5;0.0
2;2000;STRAWBERRIES;4036;219;;;;;4038;219;;;;;4037.0;0.0
2;2000;GIFT_BASKET;70621;11;70620;17;;;70634;11;70635;17;;;70627.5;0.0
2;2100;GIFT_BASKET;70623;16;70622;15;;;70636;16;70637;15;;;70629.5;0.0
2;2100;STRAWBERRIES;4036;178;;;;;4038;178;;;;;4037.0;0.0
2;2100;ROSES;14414;50;;;;;14415;45;;;;;14414.5;0.0
2;2100;CHOCOLATE;7891;62;7890;78;;;7892;140;;;;;7891.5;0.0
2;2200;STRAWBERRIES;4037;202;;;;;4038;202;;;;;4037.5;0.0
2;2200;GIFT_BASKET;70625;2;70624;12;70623;19;70636;2;70637;12;70638;19;70630.5;0.0
2;2200;CHOCOLATE;7889;133;;;;;7891;133;;;;;7890.0;0.0
2;2200;ROSES;14412;58;;;;;14413;19;14414;39;;;14412.5;0.0
2;2300;ROSES;14413;26;14412;40;;;14414;66;;;;;14413.5;0.0
2;2300;CHOCOLATE;7890;38;7889;82;;;7891;38;7892;82;;;7890.5;0.0
2;2300;GIFT_BASKET;70629;2;70624;1;70623;18;70635;1;70636;18;70637;26;70632.0;0.0
2;2300;STRAWBERRIES;4037;199;;;;;4038;199;;;;;4037.5;0.0
2;2400;CHOCOLATE;7891;106;;;;;7893;106;;;;;7892.0;0.0
2;2400;ROSES;14410;58;;;;;14411;58;;;;;14410.5;0.0
2;2400;STRAWBERRIES;4036;160;;;;;4038;160;;;;;4037.0;0.0
2;2400;GIFT_BASKET;70625;1;70624;16;70623;28;70636;1;70637;16;70638;28;70630.5;0.0
2;2500;STRAWBERRIES;4036;283;;;;;4038;283;;;;;4037.0;0.0
2;2500;ROSES;14416;56;;;;;14417;56;;;;;14416.5;0.0
2;2500;CHOCOLATE;7889;157;;;;;7891;157;;;;;7890.0;0.0
2;2500;GIFT_BASKET;70624;11;70623;18;;;70637;11;70638;18;;;70630.5;0.0
2;2600;STRAWBERRIES;4037;250;;;;;4038;250;;;;;4037.5;0.0
2;2600;CHOCOLATE;7887;41;7886;95;;;7888;41;7889;95;;;7887.5;0.0
2;2600;GIFT_BASKET;70604;1;70603;10;70602;25;70615;1;70616;10;70617;25;70609.5;0.0
2;2600;ROSES;14415;74;;;;;14416;74;;;;;14415.5;0.0
2;2700;ROSES;14420;28;14419;50;;;14421;78;;;;;14420.5;0.0
2;2700;CHOCOLATE;7888;106;;;;;7889;55;7890;51;;;7888.5;0.0
2;2700;GIFT_BASKET;70621;2;70620;11;70619;28;70632;2;70633;11;70634;28;70626.5;0.0
2;2700;STRAWBERRIES;4037;190;;;;;4038;190;;;;;4037.5;0.0
2;2800;CHOCOLATE;7889;129;;;;;7890;49;7891;80;;;7889.5;0.0
2;2800;GIFT_BASKET;70631;12;70629;22;;;70644;12;70645;22;;;70637.5;0.0
2;2800;ROSES;14419;75;;;;;14420;64;;;;;14419.5;0.0
2;2800;STRAWBERRIES;4037;235;;;;;4038;235;;;;;4037.5;0.0
2;2900;STRAWBERRIES;4036;222;;;;;4038;222;;;;;4037.0;0.0
2;2900;ROSES;14418;66;;;;;14419;66;;;;;14418.5;0.0
2;2900;CHOCOLATE;7888;36;7887;81;;;7889;36;7890;81;;;7888.5;0.0
2;2900;GIFT_BASKET;70611;1;70610;16;70609;26;70622;1;70623;16;70624;26;70616.5;0.0
2;3000;STRAWBERRIES;4036;213;;;;;4037;213;;;;;4036.5;0.0
2;3000;CHOCOLATE;7888;91;;;;;7890;91;;;;;7889.0;0.0
2;3000;GIFT_BASKET;70612;1;70611;11;70610;16;70617;6;70623;1;70624;11;70614.5;0.0
2;3000;ROSES;14416;48;;;;;14417;48;;;;;14416.5;0.0
2;3100;ROSES;14414;62;;;;;14415;62;;;;;14414.5;0.0
2;3100;CHOCOLATE;7888;65;7887;50;;;7889;115;;;;;7888.5;0.0
2;3100;GIFT_BASKET;70604;18;70603;15;;;70617;18;70618;15;;;70610.5;0.0
2;3100;STRAWBERRIES;4036;248;;;;;4037;248;;;;;4036.5;0.0
2;3200;CHOCOLATE;7888;46;7887;84;;;7889;46;7890;84;;;7888.5;0.0
2;3200;GIFT_BASKET;70605;1;70604;12;70603;29;70616;1;70617;12;70618;29;70610.5;0.0
2;3200;ROSES;14415;61;;;;;14416;29;14417;32;;;14415.5;0.0
2;3200;STRAWBERRIES;4036;203;;;;;4038;203;;;;;4037.0;0.0
2;3300;STRAWBERRIES;4036;218;;;;;4037;218;;;;;4036.5;0.0
2;3300;ROSES;14418;63;;;;;14420;63;;;;;14419.0;0.0
2;3300;CHOCOLATE;7887;123;;;;;7888;44;7889;79;;;7887.5;0.0
2;3300;GIFT_BASKET;70595;2;70594;12;70593;28;70606;2;70607;12;70608;28;70600.5;0.0
2;3400;STRAWBERRIES;4036;166;;;;;4037;166;;;;;4036.5;0.0
2;3400;CHOCOLATE;7888;52;7887;50;;;7889;102;;;;;7888.5;0.0
2;3400;GIFT_BASKET;70591;1;70590;19;70589;22;70602;1;70603;19;70604;22;70596.5;0.0
2;3400;ROSES;14419;22;14418;41;;;14420;63;;;;;14419.5;0.0
2;3500;ROSES;14416;78;;;;;14417;28;14418;50;;;14416.5;0.0
2;3500;CHOCOLATE;7890;53;7889;87;;;7891;140;;;;;7890.5;0.0
2;3500;GIFT_BASKET;70596;2;70595;14;70594;28;70607;2;70608;14;70609;28;70601.5;0.0
2;3500;STRAWBERRIES;4036;87;4035;106;;;4037;193;;;;;4036.5;0.0
2;3600;CHOCOLATE;7888;154;;;;;7890;154;;;;;7889.0;0.0
2;3600;GIFT_BASKET;70606;15;70605;23;;;70619;15;70620;23;;;70612.5;0.0
2;3600;ROSES;14417;23;14416;38;;;14418;61;;;;;14417.5;0.0
2;3600;STRAWBERRIES;4036;97;4035;160;;;4037;257;;;;;4036.5;0.0
2;3700;STRAWBERRIES;4035;198;;;;;4037;198;;;;;4036.0;0.0
2;3700;ROSES;14415;15;14414;44;;;14416;59;;;;;14415.5;0.0
2;3700;CHOCOLATE;7888;58;7887;75;;;7889;133;;;;;7888.5;0.0
2;3700;GIFT_BASKET;70605;1;70604;16;70603;15;70616;1;70617;16;70618;15;70610.5;0.0
2;3800;STRAWBERRIES;4036;198;;;;;4038;198;;;;;4037.0;0.0
2;3800;CHOCOLATE;7888;146;;;;;7889;49;7890;97;;;7888.5;0.0
2;3800;GIFT_BASKET;70605;1;70604;11;70603;25;70616;1;70617;11;70618;25;70610.5;0.0
2;3800;ROSES;14407;60;;;;;14409;60;;;;;14408.0;0.0
2;3900;ROSES;14408;63;;;;;14409;63;;;;;14408.5;0.0
2;3900;CHOCOLATE;7887;135;;;;;7889;135;;;;;7888.0;0.0
2;3900;GIFT_BASKET;70599;2;70598;11;70597;23;70610;2;70611;11;70612;23;70604.5;0.0
2;3900;STRAWBERRIES;4037;88;4036;159;;;4038;247;;;;;4037.5;0.0
2;4000;CHOCOLATE;7887;142;;;;;7888;62;7889;80;;;7887.5;0.0
2;4000;GIFT_BASKET;70589;2;70588;16;70587;22;70600;2;70601;16;70602;22;70594.5;0.0
2;4000;ROSES;14403;52;;;;;14404;22;14405;30;;;14403.5;0.0
2;4000;STRAWBERRIES;4037;80;4036;162;;;4038;242;;;;;4037.5;0.0
2;4100;STRAWBERRIES;4036;244;;;;;4038;244;;;;;4037.0;0.0
2;4100;ROSES;14401;57;;;;;14403;57;;;;;14402.0;0.0
2;4100;CHOCOLATE;7888;45;7887;91;;;7889;136;;;;;7888.5;0.0
2;4100;GIFT_BASKET;70592;1;70591;11;70590;19;70603;1;70604;11;70605;19;70597.5;0.0
2;4200;STRAWBERRIES;4037;197;;;;;4038;197;;;;;4037.5;0.0
2;4200;CHOCOLATE;7886;128;;;;;7888;128;;;;;7887.0;0.0
2;4200;GIFT_BASKET;70589;2;70588;20;70587;16;70600;2;70601;20;70602;16;70594.5;0.0
2;4200;ROSES;14402;5;14401;48;;;14403;48;;;;;14402.5;0.0
2;4300;ROSES;14400;72;;;;;14402;72;;;;;14401.0;0.0
2;4300;CHOCOLATE;7888;55;7887;59;;;7889;55;7890;59;;;7888.5;0.0
2;4300;GIFT_BASKET;70592;1;70591;18;70590;24;70603;1;70604;18;70605;24;70597.5;0.0
2;4300;STRAWBERRIES;4036;195;;;;;4038;195;;;;;4037.0;0.0
2;4400;CHOCOLATE;7887;91;;;;;7889;91;;;;;7888.0;0.0
2;4400;GIFT_BASKET;70585;16;70584;30;;;70598;16;70599;30;;;70591.5;0.0
2;4400;ROSES;14400;30;14399;34;;;14401;64;;;;;14400.5;0.0
2;4400;STRAWBERRIES;4036;249;;;;;4038;249;;;;;4037.0;0.0
2;4500;STRAWBERRIES;4036;265;;;;;4037;90;4038;175;;;4036.5;0.0
2;4500;ROSES;14404;66;;;;;14405;66;;;;;14404.5;0.0
2;4500;CHOCOLATE;7888;144;;;;;7890;144;;;;;7889.0;0.0
2;4500;GIFT_BASKET;70589;11;70588;18;;;70602;11;70603;18;;;70595.5;0.0
2;4600;STRAWBERRIES;4036;235;;;;;4037;10;4038;235;;;4036.5;0.0
2;4600;ROSES;14406;71;;;;;14408;71;;;;;14407.0;0.0
2;4600;CHOCOLATE;7888;115;;;;;7890;115;;;;;7889.0;0.0
2;4600;GIFT_BASKET;70604;1;70603;12;70602;28;70615;1;70616;12;70617;28;70609.5;0.0
2;4700;GIFT_BASKET;70612;19;70611;22;;;70625;19;70626;22;;;70618.5;0.0
2;4700;CHOCOLATE;7888;149;;;;;7890;149;;;;;7889.0;0.0
2;4700;STRAWBERRIES;4036;195;;;;;4038;195;;;;;4037.0;0.0
2;4700;ROSES;14410;70;;;;;14412;70;;;;;14411.0;0.0
2;4800;GIFT_BASKET;70615;1;70614;17;70613;20;70626;1;70627;17;70628;20;70620.5;0.0
2;4800;CHOCOLATE;7888;120;;;;;7890;120;;;;;7889.0;0.0
2;4800;ROSES;14411;62;;;;;14412;62;;;;;14411.5;0.0
2;4800;STRAWBERRIES;4037;80;4036;186;;;4038;266;;;;;4037.5;0.0
2;4900;ROSES;14411;70;;;;;14412;7;14413;70;;;14411.5;0.0
2;4900;STRAWBERRIES;4037;82;4036;121;;;4038;203;;;;;4037.5;0.0
2;4900;GIFT_BASKET;70620;2;70619;15;70618;22;70631;2;70632;15;70633;22;70625.5;0.0
2;4900;CHOCOLATE;7889;6;7888;138;;;7890;138;;;;;7889.5;0.0
2;5000;ROSES;14416;72;;;;;14417;26;14418;46;;;14416.5;0.0
2;5000;STRAWBERRIES;4037;65;4036;137;;;4038;202;;;;;4037.5;0.0
2;5000;GIFT_BASKET;70606;2;70605;16;70604;26;70617;2;70618;16;70619;26;70611.5;0.0
2;5000;CHOCOLATE;7887;55;7886;65;;;7888;124;;;;;7887.5;0.0
2;5100;GIFT_BASKET;70611;1;70609;13;70608;27;70621;1;70622;13;70624;27;70616.0;0.0
2;5100;CHOCOLATE;7887;113;;;;;7889;113;;;;;7888.0;0.0
2;5100;ROSES;14414;73;;;;;14416;73;;;;;14415.0;0.0
2;5100;STRAWBERRIES;4036;272;;;;;4038;272;;;;;4037.0;0.0
2;5200;GIFT_BASKET;70618;5;70613;1;70612;13;70624;1;70625;13;70626;24;70621.0;0.0
2;5200;CHOCOLATE;7889;123;;;;;7890;44;7891;79;;;7889.5;0.0
2;5200;ROSES;14415;61;;;;;14417;61;;;;;14416.0;0.0
2;5200;STRAWBERRIES;4036;274;;;;;4037;274;;;;;4036.5;0.0
2;5300;ROSES;14416;26;14415;40;;;14417;66;;;;;14416.5;0.0
2;5300;STRAWBERRIES;4036;249;;;;;4038;249;;;;;4037.0;0.0
2;5300;GIFT_BASKET;70609;1;70608;11;70607;26;70620;1;70621;11;70622;26;70614.5;0.0
2;5300;CHOCOLATE;7889;40;7888;97;;;7890;40;7891;97;;;7889.5;0.0
2;5400;ROSES;14416;63;;;;;14418;63;;;;;14417.0;0.0
2;5400;STRAWBERRIES;4036;224;;;;;4037;89;4038;135;;;4036.5;0.0
2;5400;GIFT_BASKET;70614;2;70613;13;70612;26;70625;2;70626;13;70627;26;70619.5;0.0
2;5400;CHOCOLATE;7891;144;;;;;7892;55;7893;89;;;7891.5;0.0
2;5500;GIFT_BASKET;70618;1;70617;18;70616;21;70629;1;70630;18;70631;21;70623.5;0.0
2;5500;CHOCOLATE;7893;39;7892;76;;;7894;115;;;;;7893.5;0.0
2;5500;ROSES;14418;60;;;;;14419;21;14420;39;;;14418.5;0.0
2;5500;STRAWBERRIES;4036;201;;;;;4037;205;;;;;4036.5;0.0
2;5600;GIFT_BASKET;70631;17;70630;21;;;70637;3;70644;17;70645;21;70634.0;0.0
2;5600;CHOCOLATE;7893;128;;;;;7895;128;;;;;7894.0;0.0
2;5600;ROSES;14418;70;;;;;14420;70;;;;;14419.0;0.0
2;5600;STRAWBERRIES;4036;248;;;;;4037;82;4038;166;;;4036.5;0.0
2;5700;ROSES;14420;69;;;;;14422;69;;;;;14421.0;0.0
2;5700;STRAWBERRIES;4037;89;4036;154;;;4038;243;;;;;4037.5;0.0
2;5700;GIFT_BASKET;70636;18;70635;19;;;70648;1;70649;19;70650;19;70642.0;0.0
2;5700;CHOCOLATE;7894;54;7893;89;;;7895;143;;;;;7894.5;0.0
2;5800;ROSES;14418;51;;;;;14419;21;14420;30;;;14418.5;0.0
2;5800;STRAWBERRIES;4036;239;;;;;4038;239;;;;;4037.0;0.0
2;5800;GIFT_BASKET;70627;2;70626;15;70625;21;70638;2;70639;15;70640;21;70632.5;0.0
2;5800;CHOCOLATE;7893;114;;;;;7894;57;7895;57;;;7893.5;0.0
2;5900;GIFT_BASKET;70627;2;70622;2;70621;14;70633;2;70634;14;70635;26;70630.0;0.0
2;5900;CHOCOLATE;7894;39;7893;85;;;7895;124;;;;;7894.5;0.0
2;5900;STRAWBERRIES;4036;244;;;;;4037;85;4038;159;;;4036.5;0.0
2;5900;ROSES;14420;26;14419;49;;;14421;75;;;;;14420.5;0.0
2;6000;GIFT_BASKET;70619;2;70617;18;70616;23;70629;2;70630;18;70632;23;70624.0;0.0
2;6000;CHOCOLATE;7895;53;7894;64;;;7896;117;;;;;7895.5;0.0
2;6000;ROSES;14417;23;14416;35;;;14418;58;;;;;14417.5;0.0
2;6000;STRAWBERRIES;4036;210;;;;;4037;210;;;;;4036.5;0.0
2;6100;STRAWBERRIES;4036;183;;;;;4037;70;4038;113;;;4036.5;0.0
2;6100;ROSES;14420;16;14419;34;;;14421;50;;;;;14420.5;0.0
2;6100;CHOCOLATE;7894;44;7893;70;;;7895;114;;;;;7894.5;0.0
2;6100;GIFT_BASKET;70623;1;70622;13;70621;16;70634;1;70635;13;70636;16;70628.5;0.0
2;6200;ROSES;14422;76;;;;;14423;27;14424;49;;;14422.5;0.0
2;6200;STRAWBERRIES;4036;80;4035;196;;;4037;279;;;;;4036.5;0.0
2;6200;GIFT_BASKET;70622;1;70621;14;70620;27;70633;1;70634;14;70635;27;70627.5;0.0
2;6200;CHOCOLATE;7893;144;;;;;7895;144;;;;;7894.0;0.0
2;6300;CHOCOLATE;7894;146;;;;;7896;146;;;;;7895.0;0.0
2;6300;GIFT_BASKET;70634;15;70633;30;;;70647;15;70648;30;;;70640.5;0.0
2;6300;STRAWBERRIES;4036;259;;;;;4037;259;;;;;4036.5;0.0
2;6300;ROSES;14422;30;14421;44;;;14423;74;;;;;14422.5;0.0
2;6400;GIFT_BASKET;70649;2;70648;18;70647;28;70660;2;70661;18;70662;28;70654.5;0.0
2;6400;CHOCOLATE;7896;51;7895;89;;;7897;140;;;;;7896.5;0.0
2;6400;ROSES;14420;65;;;;;14421;28;14422;37;;;14420.5;0.0
2;6400;STRAWBERRIES;4036;262;;;;;4038;262;;;;;4037.0;0.0
2;6500;STRAWBERRIES;4036;214;;;;;4038;214;;;;;4037.0;0.0
2;6500;ROSES;14420;62;;;;;14421;16;14422;46;;;14420.5;0.0
2;6500;CHOCOLATE;7894;149;;;;;7896;149;;;;;7895.0;0.0
2;6500;GIFT_BASKET;70640;2;70639;13;70637;16;70650;2;70652;13;70653;16;70645.0;0.0
2;6600;ROSES;14422;28;14421;45;;;14423;73;;;;;14422.5;0.0
2;6600;STRAWBERRIES;4036;100;4035;106;;;4037;206;;;;;4036.5;0.0
2;6600;GIFT_BASKET;70641;13;70640;28;;;70654;13;70655;28;;;70647.5;0.0
2;6600;CHOCOLATE;7894;51;7893;100;;;7895;151;;;;;7894.5;0.0
2;6700;CHOCOLATE;7893;135;;;;;7894;54;7895;81;;;7893.5;0.0
2;6700;GIFT_BASKET;70642;1;70641;13;70640;24;70653;1;70654;13;70655;24;70647.5;0.0
2;6700;STRAWBERRIES;4036;206;;;;;4037;206;;;;;4036.5;0.0
2;6700;ROSES;14417;56;;;;;14419;56;;;;;14418.0;0.0
2;6800;GIFT_BASKET;70641;1;70640;15;70639;30;70652;1;70653;15;70654;30;70646.5;0.0
2;6800;CHOCOLATE;7893;137;;;;;7895;137;;;;;7894.0;0.0
2;6800;ROSES;14415;71;;;;;14416;71;;;;;14415.5;0.0
2;6800;STRAWBERRIES;4036;230;;;;;4037;86;4038;144;;;4036.5;0.0
2;6900;STRAWBERRIES;4036;223;;;;;4037;75;4038;148;;;4036.5;0.0
2;6900;ROSES;14417;61;;;;;14419;61;;;;;14418.0;0.0
2;6900;CHOCOLATE;7893;45;7892;75;;;7894;120;;;;;7893.5;0.0
2;6900;GIFT_BASKET;70637;2;70636;14;70634;20;70647;2;70649;14;70650;20;70642.0;0.0
2;7000;ROSES;14417;24;14416;46;;;14418;70;;;;;14417.5;0.0
2;7000;STRAWBERRIES;4036;73;4035;183;;;4037;256;;;;;4036.5;0.0
2;7000;CHOCOLATE;7894;133;;;;;7896;133;;;;;7895.0;0.0
2;7000;GIFT_BASKET;70641;1;70640;16;70639;24;70652;1;70653;16;70654;24;70646.5;0.0
2;7100;CHOCOLATE;7895;119;;;;;7896;56;7897;70;;;7895.5;0.0
2;7100;GIFT_BASKET;70639;2;70638;18;70637;18;70650;2;70651;18;70652;18;70644.5;0.0
2;7100;STRAWBERRIES;4036;70;4035;144;;;4037;214;;;;;4036.5;0.0
2;7100;ROSES;14413;65;;;;;14414;18;14415;47;;;14413.5;0.0
2;7200;CHOCOLATE;7894;100;;;;;7896;105;;;;;7895.0;0.0
2;7200;GIFT_BASKET;70620;10;70619;17;;;70633;10;70634;17;;;70626.5;0.0
2;7200;ROSES;14407;55;;;;;14409;55;;;;;14408.0;0.0
2;7200;STRAWBERRIES;4036;10;4035;160;;;4037;160;;;;;4036.5;0.0
2;7300;STRAWBERRIES;4036;163;;;;;4037;163;;;;;4036.5;0.0
2;7300;ROSES;14406;60;;;;;14407;21;14408;39;;;14406.5;0.0
2;7300;CHOCOLATE;7895;109;;;;;7896;51;7897;58;;;7895.5;0.0
2;7300;GIFT_BASKET;70628;1;70617;1;70616;15;70629;15;70630;21;;;70628.5;0.0
2;7400;ROSES;14401;74;;;;;14403;74;;;;;14402.0;0.0
2;7400;STRAWBERRIES;4036;218;;;;;4037;74;4038;150;;;4036.5;0.0
2;7400;CHOCOLATE;7895;36;7894;74;;;7896;110;;;;;7895.5;0.0
2;7400;GIFT_BASKET;70619;2;70618;10;70617;25;70630;2;70631;10;70632;25;70624.5;0.0
2;7500;CHOCOLATE;7894;115;;;;;7896;115;;;;;7895.0;0.0
2;7500;GIFT_BASKET;70608;11;70607;15;;;70621;11;70622;15;;;70614.5;0.0
2;7500;STRAWBERRIES;4035;188;;;;;4037;188;;;;;4036.0;0.0
2;7500;ROSES;14402;15;14401;49;;;14403;64;;;;;14402.5;0.0
2;7600;CHOCOLATE;7894;138;;;;;7896;138;;;;;7895.0;0.0
2;7600;GIFT_BASKET;70622;1;70621;14;70620;24;70633;1;70634;14;70635;24;70627.5;0.0
2;7600;ROSES;14401;62;;;;;14403;62;;;;;14402.0;0.0
2;7600;STRAWBERRIES;4035;248;;;;;4037;248;;;;;4036.0;0.0
2;7700;STRAWBERRIES;4035;199;;;;;4036;199;;;;;4035.5;0.0
2;7700;ROSES;14406;59;;;;;14407;24;14408;35;;;14406.5;0.0
2;7700;CHOCOLATE;7895;65;7894;95;;;7896;160;;;;;7895.5;0.0
2;7700;GIFT_BASKET;70622;12;70621;24;;;70635;12;70636;24;;;70628.5;0.0
2;7800;ROSES;14403;63;;;;;14404;63;;;;;14403.5;0.0
2;7800;STRAWBERRIES;4034;192;;;;;4036;192;;;;;4035.0;0.0
2;7800;CHOCOLATE;7894;130;;;;;7895;41;7896;89;;;7894.5;0.0
2;7800;GIFT_BASKET;70612;11;70611;16;;;70625;11;70626;16;;;70618.5;0.0
2;7900;CHOCOLATE;7893;150;;;;;7894;55;7895;95;;;7893.5;0.0
2;7900;GIFT_BASKET;70600;1;70598;12;70597;19;70610;1;70611;12;70613;19;70605.0;0.0
2;7900;STRAWBERRIES;4034;291;;;;;4035;291;;;;;4034.5;0.0
2;7900;ROSES;14404;55;;;;;14406;55;;;;;14405.0;0.0
2;8000;CHOCOLATE;7893;136;;;;;7895;136;;;;;7894.0;0.0
2;8000;GIFT_BASKET;70586;17;70585;30;;;70599;17;70600;30;;;70592.5;0.0
2;8000;ROSES;14401;62;;;;;14402;30;14403;32;;;14401.5;0.0
2;8000;STRAWBERRIES;4033;196;;;;;4034;86;4035;110;;;4033.5;0.0
2;8100;STRAWBERRIES;4033;251;;;;;4035;251;;;;;4034.0;0.0
2;8100;ROSES;14398;67;;;;;14400;56;;;;;14399.0;0.0
2;8100;CHOCOLATE;7893;144;;;;;7895;144;;;;;7894.0;0.0
2;8100;GIFT_BASKET;70590;1;70589;11;70588;15;70601;1;70602;11;70603;15;70595.5;0.0
2;8200;ROSES;14398;29;14397;37;;;14399;66;;;;;14398.5;0.0
2;8200;STRAWBERRIES;4033;259;;;;;4034;259;;;;;4033.5;0.0
2;8200;CHOCOLATE;7894;109;;;;;7895;40;7896;69;;;7894.5;0.0
2;8200;GIFT_BASKET;70584;14;70583;29;;;70597;14;70598;29;;;70590.5;0.0
2;8300;CHOCOLATE;7894;102;;;;;7895;48;7896;54;;;7894.5;0.0
2;8300;GIFT_BASKET;70574;1;70573;14;70572;30;70585;1;70586;14;70587;30;70579.5;0.0
2;8300;STRAWBERRIES;4033;224;;;;;4034;54;4035;159;;;4033.5;0.0
2;8300;ROSES;14395;79;;;;;14397;79;;;;;14396.0;0.0
2;8400;CHOCOLATE;7894;137;;;;;7896;137;;;;;7895.0;0.0
2;8400;GIFT_BASKET;70588;1;70587;14;70586;18;70599;1;70600;14;70601;18;70593.5;0.0
2;8400;ROSES;14400;60;;;;;14401;18;14402;42;;;14400.5;0.0
2;8400;STRAWBERRIES;4034;225;;;;;4035;78;4036;147;;;4034.5;0.0
2;8500;STRAWBERRIES;4034;211;;;;;4035;87;4036;124;;;4034.5;0.0
2;8500;ROSES;14400;63;;;;;14401;63;;;;;14400.5;0.0
2;8500;CHOCOLATE;7893;140;;;;;7895;140;;;;;7894.0;0.0
2;8500;GIFT_BASKET;70590;11;70589;18;;;70603;11;70605;18;;;70596.5;0.0
2;8600;ROSES;14398;59;;;;;14399;59;;;;;14398.5;0.0
2;8600;STRAWBERRIES;4035;76;4034;164;;;4036;240;;;;;4035.5;0.0
2;8600;CHOCOLATE;7893;37;7892;76;;;7894;37;7895;76;;;7893.5;0.0
2;8600;GIFT_BASKET;70590;1;70589;14;70588;19;70601;1;70602;14;70603;19;70595.5;0.0
2;8700;CHOCOLATE;7894;140;;;;;7896;140;;;;;7895.0;0.0
2;8700;GIFT_BASKET;70604;7;70598;14;70597;26;70611;14;70612;26;;;70607.5;0.0
2;8700;STRAWBERRIES;4035;98;4034;138;;;4036;236;;;;;4035.5;0.0
2;8700;ROSES;14404;69;;;;;14405;69;;;;;14404.5;0.0
2;8800;CHOCOLATE;7895;40;7894;75;;;7896;40;7897;75;;;7895.5;0.0
2;8800;GIFT_BASKET;70593;2;70592;14;70591;19;70604;2;70605;14;70606;19;70598.5;0.0
2;8800;ROSES;14402;19;14401;44;;;14403;63;;;;;14402.5;0.0
2;8800;STRAWBERRIES;4035;75;4034;128;;;4036;203;;;;;4035.5;0.0
2;8900;STRAWBERRIES;4035;82;4034;103;;;4036;185;;;;;4035.5;0.0
2;8900;ROSES;14401;15;14400;31;;;14402;46;;;;;14401.5;0.0
2;8900;CHOCOLATE;7896;133;;;;;7898;133;;;;;7897.0;0.0
2;8900;GIFT_BASKET;70607;1;70596;2;70595;12;70608;12;70609;15;;;70607.5;0.0
2;9000;STRAWBERRIES;4035;269;;;;;4036;269;;;;;4035.5;0.0
2;9000;ROSES;14400;68;;;;;14401;68;;;;;14400.5;0.0
2;9000;CHOCOLATE;7896;125;;;;;7897;50;7898;75;;;7896.5;0.0
2;9000;GIFT_BASKET;70609;1;70603;20;70602;28;70616;20;70617;28;;;70612.5;0.0
2;9100;GIFT_BASKET;70602;1;70601;13;70600;22;70613;1;70614;13;70615;22;70607.5;0.0
2;9100;CHOCOLATE;7896;99;;;;;7897;44;7898;60;;;7896.5;0.0
2;9100;STRAWBERRIES;4035;249;;;;;4036;60;4037;189;;;4035.5;0.0
2;9100;ROSES;14398;70;;;;;14399;70;;;;;14398.5;0.0
2;9200;GIFT_BASKET;70600;17;70599;29;;;70613;17;70614;29;;;70606.5;0.0
2;9200;CHOCOLATE;7896;38;7895;72;;;7897;110;;;;;7896.5;0.0
2;9200;ROSES;14399;78;;;;;14401;78;;;;;14400.0;0.0
2;9200;STRAWBERRIES;4035;270;;;;;4036;270;;;;;4035.5;0.0
2;9300;ROSES;14402;65;;;;;14404;65;;;;;14403.0;0.0
2;9300;STRAWBERRIES;4035;61;4034;178;;;4036;248;;;;;4035.5;0.0
2;9300;GIFT_BASKET;70608;1;70603;2;70602;12;70613;2;70615;12;70616;30;70610.5;0.0
2;9300;CHOCOLATE;7896;53;7895;70;;;7897;53;7898;70;;;7896.5;0.0
2;9400;ROSES;14399;73;;;;;14400;73;;;;;14399.5;0.0
2;9400;STRAWBERRIES;4035;282;;;;;4036;88;4037;194;;;4035.5;0.0
2;9400;GIFT_BASKET;70592;10;70591;26;;;70605;10;70606;26;;;70598.5;0.0
2;9400;CHOCOLATE;7895;45;7894;88;;;7896;133;;;;;7895.5;0.0
2;9500;GIFT_BASKET;70576;1;70575;13;70574;18;70587;1;70588;13;70589;18;70581.5;0.0
2;9500;CHOCOLATE;7894;128;;;;;7896;128;;;;;7895.0;0.0
2;9500;ROSES;14397;65;;;;;14399;65;;;;;14398.0;0.0
2;9500;STRAWBERRIES;4034;226;;;;;4035;89;4036;137;;;4034.5;0.0
2;9600;GIFT_BASKET;70582;2;70581;10;70580;18;70593;2;70594;10;70595;18;70587.5;0.0
2;9600;CHOCOLATE;7897;44;7896;56;;;7898;44;7899;56;;;7897.5;0.0
2;9600;ROSES;14396;64;;;;;14398;64;;;;;14397.0;0.0
2;9600;STRAWBERRIES;4034;205;;;;;4035;56;4036;149;;;4034.5;0.0
2;9700;ROSES;14393;25;14392;43;;;14394;68;;;;;14393.5;0.0
2;9700;STRAWBERRIES;4034;54;4033;129;;;4035;183;;;;;4034.5;0.0
2;9700;GIFT_BASKET;70573;1;70572;19;70571;25;70584;1;70585;19;70586;25;70578.5;0.0
2;9700;CHOCOLATE;7897;43;7896;54;;;7898;43;7899;54;;;7897.5;0.0
2;9800;ROSES;14389;61;;;;;14390;61;;;;;14389.5;0.0
2;9800;STRAWBERRIES;4033;225;;;;;4035;225;;;;;4034.0;0.0
2;9800;GIFT_BASKET;70561;1;70560;10;70559;30;70572;1;70573;10;70574;30;70566.5;0.0
2;9800;CHOCOLATE;7895;130;;;;;7897;130;;;;;7896.0;0.0
2;9900;GIFT_BASKET;70576;2;70575;20;70573;28;70586;2;70588;20;70589;28;70581.0;0.0
2;9900;CHOCOLATE;7898;40;7897;64;;;7899;104;;;;;7898.5;0.0
2;9900;ROSES;14388;71;;;;;14389;71;;;;;14388.5;0.0
2;9900;STRAWBERRIES;4033;254;;;;;4035;254;;;;;4034.0;0.0
2;10000;GIFT_BASKET;70577;14;70576;29;;;70590;14;70592;29;;;70583.5;0.0
2;10000;CHOCOLATE;7898;147;;;;;7899;55;7900;92;;;7898.5;0.0
2;10000;ROSES;14385;59;;;;;14387;59;;;;;14386.0;0.0
2;10000;STRAWBERRIES;4033;289;;;;;4035;289;;;;;4034.0;0.0
2;10100;ROSES;14386;67;;;;;14387;26;14388;41;;;14386.5;0.0
2;10100;STRAWBERRIES;4034;70;4033;170;;;4035;240;;;;;4034.5;0.0
2;10100;GIFT_BASKET;70586;12;70585;26;;;70599;12;70600;26;;;70592.5;0.0
2;10100;CHOCOLATE;7898;50;7897;70;;;7899;120;;;;;7898.5;0.0
2;10200;ROSES;14388;76;;;;;14389;29;14390;47;;;14388.5;0.0
2;10200;STRAWBERRIES;4034;279;;;;;4035;82;4036;197;;;4034.5;0.0
2;10200;GIFT_BASKET;70600;2;70599;20;70598;29;70611;2;70612;20;70613;29;70605.5;0.0
2;10200;CHOCOLATE;7899;44;7898;82;;;7900;44;7901;82;;;7899.5;0.0
2;10300;GIFT_BASKET;70594;18;70593;27;;;70600;4;70607;18;70608;27;70597.0;0.0
2;10300;CHOCOLATE;7899;113;;;;;7901;113;;;;;7900.0;0.0
2;10300;STRAWBERRIES;4034;200;;;;;4035;200;;;;;4034.5;0.0
2;10300;ROSES;14388;59;;;;;14390;59;;;;;14389.0;0.0
2;10400;STRAWBERRIES;4033;185;;;;;4035;185;;;;;4034.0;0.0
2;10400;GIFT_BASKET;70589;18;70587;19;;;70602;18;70603;19;;;70595.5;0.0
2;10400;CHOCOLATE;7899;118;;;;;7900;40;7901;78;;;7899.5;0.0
2;10400;ROSES;14389;69;;;;;14390;19;14391;50;;;14389.5;0.0
2;10500;ROSES;14386;62;;;;;14388;62;;;;;14387.0;0.0
2;10500;CHOCOLATE;7898;155;;;;;7900;155;;;;;7899.0;0.0
2;10500;GIFT_BASKET;70586;20;70585;22;;;70599;20;70600;22;;;70592.5;0.0
2;10500;STRAWBERRIES;4033;258;;;;;4035;246;;;;;4034.0;0.0
2;10600;CHOCOLATE;7898;56;7897;51;;;7899;107;;;;;7898.5;0.0
2;10600;ROSES;14385;59;;;;;14386;59;;;;;14385.5;0.0
2;10600;STRAWBERRIES;4033;153;;;;;4034;51;4035;102;;;4033.5;0.0
2;10600;GIFT_BASKET;70580;1;70579;19;70578;16;70591;1;70592;19;70593;16;70585.5;0.0
2;10700;GIFT_BASKET;70575;1;70574;12;70572;27;70585;1;70587;12;70588;27;70580.0;0.0
2;10700;STRAWBERRIES;4033;227;;;;;4034;227;;;;;4033.5;0.0
2;10700;ROSES;14386;27;14385;36;;;14387;63;;;;;14386.5;0.0
2;10700;CHOCOLATE;7897;47;7896;80;;;7898;47;7899;80;;;7897.5;0.0
2;10800;STRAWBERRIES;4033;189;;;;;4035;189;;;;;4034.0;0.0
2;10800;GIFT_BASKET;70578;2;70577;18;70576;28;70589;2;70590;18;70591;28;70583.5;0.0
2;10800;CHOCOLATE;7896;123;;;;;7898;123;;;;;7897.0;0.0
2;10800;ROSES;14387;78;;;;;14388;78;;;;;14387.5;0.0
2;10900;ROSES;14387;25;14386;47;;;14388;72;;;;;14387.5;0.0
2;10900;CHOCOLATE;7895;150;;;;;7897;150;;;;;7896.0;0.0
2;10900;GIFT_BASKET;70581;2;70579;12;70578;25;70591;2;70592;12;70593;25;70586.0;0.0
2;10900;STRAWBERRIES;4034;95;4033;122;;;4035;217;;;;;4034.5;0.0
2;11000;CHOCOLATE;7896;55;7895;77;;;7897;55;7898;77;;;7896.5;0.0
2;11000;ROSES;14388;73;;;;;14389;73;;;;;14388.5;0.0
2;11000;STRAWBERRIES;4033;178;;;;;4035;178;;;;;4034.0;0.0
2;11000;GIFT_BASKET;70576;1;70574;10;70573;27;70586;1;70587;10;70589;27;70581.0;0.0
2;11100;GIFT_BASKET;70577;2;70576;14;70575;24;70588;2;70589;14;70590;24;70582.5;0.0
2;11100;STRAWBERRIES;4033;243;;;;;4034;64;4035;179;;;4033.5;0.0
2;11100;ROSES;14387;54;;;;;14388;24;14389;30;;;14387.5;0.0
2;11100;CHOCOLATE;7896;124;;;;;7898;124;;;;;7897.0;0.0
2;11200;STRAWBERRIES;4033;196;;;;;4035;196;;;;;4034.0;0.0
2;11200;GIFT_BASKET;70578;1;70576;20;70575;18;70588;1;70589;20;70591;18;70583.0;0.0
2;11200;CHOCOLATE;7896;113;;;;;7898;113;;;;;7897.0;0.0
2;11200;ROSES;14384;65;;;;;14385;65;;;;;14384.5;0.0
2;11300;ROSES;14385;18;14384;31;;;14386;49;;;;;14385.5;0.0
2;11300;CHOCOLATE;7896;118;;;;;7897;44;7898;74;;;7896.5;0.0
2;11300;GIFT_BASKET;70574;13;70573;18;;;70587;13;70588;18;;;70580.5;0.0
2;11300;STRAWBERRIES;4033;227;;;;;4034;74;4035;153;;;4033.5;0.0
2;11400;CHOCOLATE;7896;132;;;;;7898;132;;;;;7897.0;0.0
2;11400;GIFT_BASKET;70574;12;70573;17;;;70587;12;70588;17;;;70580.5;0.0
2;11400;ROSES;14383;57;;;;;14385;57;;;;;14384.0;0.0
2;11400;STRAWBERRIES;4033;281;;;;;4035;281;;;;;4034.0;0.0
2;11500;STRAWBERRIES;4033;209;;;;;4034;209;;;;;4033.5;0.0
2;11500;ROSES;14379;15;14378;32;;;14380;47;;;;;14379.5;0.0
2;11500;CHOCOLATE;7896;156;;;;;7898;156;;;;;7897.0;0.0
2;11500;GIFT_BASKET;70558;16;70557;15;;;70571;16;70572;15;;;70564.5;0.0
2;11600;STRAWBERRIES;4033;73;4032;196;;;4034;269;;;;;4033.5;0.0
2;11600;CHOCOLATE;7898;37;7897;73;;;7899;37;7900;73;;;7898.5;0.0
2;11600;GIFT_BASKET;70570;1;70568;17;70567;23;70580;1;70581;17;70583;23;70575.0;0.0
2;11600;ROSES;14381;26;14380;34;;;14382;57;;;;;14381.5;0.0
2;11700;ROSES;14382;17;14381;33;;;14383;50;;;;;14382.5;0.0
2;11700;CHOCOLATE;7898;151;;;;;7900;151;;;;;7899.0;0.0
2;11700;GIFT_BASKET;70579;1;70578;15;70577;17;70590;1;70591;15;70592;17;70584.5;0.0
2;11700;STRAWBERRIES;4033;202;;;;;4035;202;;;;;4034.0;0.0
2;11800;CHOCOLATE;7898;38;7897;68;;;7899;38;7900;68;;;7898.5;0.0
2;11800;GIFT_BASKET;70584;2;70583;11;70582;22;70595;2;70596;11;70597;22;70589.5;0.0
2;11800;ROSES;14383;54;;;;;14385;54;;;;;14384.0;0.0
2;11800;STRAWBERRIES;4033;209;;;;;4035;209;;;;;4034.0;0.0
2;11900;STRAWBERRIES;4033;246;;;;;4034;246;;;;;4033.5;0.0
2;11900;ROSES;14382;54;;;;;14383;54;;;;;14382.5;0.0
2;11900;CHOCOLATE;7897;127;;;;;7898;36;7899;91;;;7897.5;0.0
2;11900;GIFT_BASKET;70574;1;70573;12;70572;17;70585;1;70586;12;70587;17;70579.5;0.0
2;12000;STRAWBERRIES;4033;217;;;;;4034;217;;;;;4033.5;0.0
2;12000;CHOCOLATE;7896;98;;;;;7898;98;;;;;7897.0;0.0
2;12000;GIFT_BASKET;70578;2;70577;11;70576;28;70589;2;70590;11;70591;28;70583.5;0.0
2;12000;ROSES;14386;28;14385;36;;;14387;64;;;;;14386.5;0.0
2;12100;ROSES;14387;78;;;;;14388;78;;;;;14387.5;0.0
2;12100;CHOCOLATE;7895;46;7894;94;;;7896;46;7897;94;;;7895.5;0.0
2;12100;GIFT_BASKET;70558;11;70557;30;;;70571;11;70572;30;;;70564.5;0.0
2;12100;STRAWBERRIES;4032;267;;;;;4034;267;;;;;4033.0;0.0
2;12200;CHOCOLATE;7894;85;;;;;7896;85;;;;;7895.0;0.0
2;12200;GIFT_BASKET;70553;1;70552;12;70551;21;70564;1;70565;12;70566;21;70558.5;0.0
2;12200;ROSES;14389;60;;;;;14390;21;14391;39;;;14389.5;0.0
2;12200;STRAWBERRIES;4033;189;;;;;4034;189;;;;;4033.5;0.0
2;12300;STRAWBERRIES;4032;276;;;;;4034;276;;;;;4033.0;0.0
2;12300;ROSES;14387;71;;;;;14389;71;;;;;14388.0;0.0
2;12300;CHOCOLATE;7894;146;;;;;7895;63;7896;83;;;7894.5;0.0
2;12300;GIFT_BASKET;70542;1;70537;1;70536;11;70548;1;70549;11;70550;26;70545.0;0.0
2;12400;STRAWBERRIES;4033;96;4032;121;;;4034;217;;;;;4033.5;0.0
2;12400;CHOCOLATE;7896;45;7895;96;;;7897;141;;;;;7896.5;0.0
2;12400;GIFT_BASKET;70543;1;70542;20;70541;16;70554;1;70555;20;70556;16;70548.5;0.0
2;12400;ROSES;14386;56;;;;;14388;56;;;;;14387.0;0.0
2;12500;ROSES;14390;29;14389;35;;;14391;64;;;;;14390.5;0.0
2;12500;CHOCOLATE;7895;152;;;;;7897;152;;;;;7896.0;0.0
2;12500;GIFT_BASKET;70549;2;70548;18;70547;29;70560;2;70561;18;70562;29;70554.5;0.0
2;12500;STRAWBERRIES;4033;97;4032;107;;;4034;204;;;;;4033.5;0.0
2;12600;CHOCOLATE;7896;118;;;;;7898;118;;;;;7897.0;0.0
2;12600;GIFT_BASKET;70552;2;70551;10;70550;20;70563;2;70564;10;70565;20;70557.5;0.0
2;12600;ROSES;14389;60;;;;;14391;60;;;;;14390.0;0.0
2;12600;STRAWBERRIES;4033;214;;;;;4035;214;;;;;4034.0;0.0
2;12700;STRAWBERRIES;4033;262;;;;;4034;262;;;;;4033.5;0.0
2;12700;ROSES;14389;55;;;;;14391;55;;;;;14390.0;0.0
2;12700;CHOCOLATE;7895;147;;;;;7896;53;7897;94;;;7895.5;0.0
2;12700;GIFT_BASKET;70551;1;70550;14;70549;18;70562;1;70563;14;70564;18;70556.5;0.0
2;12800;STRAWBERRIES;4033;53;4032;128;;;4034;181;;;;;4033.5;0.0
2;12800;CHOCOLATE;7895;63;7894;53;;;7896;116;;;;;7895.5;0.0
2;12800;GIFT_BASKET;70551;4;70546;1;70545;19;70557;1;70558;19;70559;22;70554.0;0.0
2;12800;ROSES;14393;72;;;;;14394;72;;;;;14393.5;0.0
2;12900;ROSES;14396;54;;;;;14397;54;;;;;14396.5;0.0
2;12900;CHOCOLATE;7894;125;;;;;7896;125;;;;;7895.0;0.0
2;12900;GIFT_BASKET;70563;6;70557;20;70556;15;70570;20;70571;15;;;70566.5;0.0
2;12900;STRAWBERRIES;4033;225;;;;;4034;225;;;;;4033.5;0.0
2;13000;CHOCOLATE;7894;105;;;;;7895;52;7896;53;;;7894.5;0.0
2;13000;GIFT_BASKET;70559;1;70558;18;70557;21;70564;8;70570;1;70571;18;70561.5;0.0
2;13000;ROSES;14396;65;;;;;14398;65;;;;;14397.0;0.0
2;13000;STRAWBERRIES;4033;45;4032;141;;;4034;194;;;;;4033.5;0.0
2;13100;STRAWBERRIES;4032;215;;;;;4034;215;;;;;4033.0;0.0
2;13100;ROSES;14401;52;;;;;14402;18;14403;34;;;14401.5;0.0
2;13100;CHOCOLATE;7894;39;7893;99;;;7895;39;7896;99;;;7894.5;0.0
2;13100;GIFT_BASKET;70565;1;70564;14;70563;18;70576;1;70577;14;70578;18;70570.5;0.0
2;13200;STRAWBERRIES;4032;198;;;;;4033;68;4034;130;;;4032.5;0.0
2;13200;CHOCOLATE;7896;59;7895;68;;;7897;59;7898;68;;;7896.5;0.0
2;13200;GIFT_BASKET;70575;1;70574;17;70573;26;70586;1;70587;17;70588;26;70580.5;0.0
2;13200;ROSES;14397;75;;;;;14398;26;14399;49;;;14397.5;0.0
2;13300;ROSES;14397;76;;;;;14398;76;;;;;14397.5;0.0
2;13300;CHOCOLATE;7896;63;7895;61;;;7897;63;7898;61;;;7896.5;0.0
2;13300;GIFT_BASKET;70575;1;70574;20;70573;27;70586;1;70587;20;70588;27;70580.5;0.0
2;13300;STRAWBERRIES;4032;61;4031;131;;;4033;192;;;;;4032.5;0.0
2;13400;CHOCOLATE;7895;128;;;;;7897;128;;;;;7896.0;0.0
2;13400;GIFT_BASKET;70574;2;70573;18;70572;15;70585;2;70586;18;70587;15;70579.5;0.0
2;13400;ROSES;14395;55;;;;;14397;55;;;;;14396.0;0.0
2;13400;STRAWBERRIES;4032;262;;;;;4033;262;;;;;4032.5;0.0
2;13500;STRAWBERRIES;4032;236;;;;;4033;236;;;;;4032.5;0.0
2;13500;ROSES;14399;76;;;;;14400;76;;;;;14399.5;0.0
2;13500;CHOCOLATE;7895;136;;;;;7897;136;;;;;7896.0;0.0
2;13500;GIFT_BASKET;70576;2;70575;19;70574;26;70587;2;70588;19;70589;26;70581.5;0.0
2;13600;STRAWBERRIES;4032;76;4031;193;;;4033;269;;;;;4032.5;0.0
2;13600;ROSES;14403;72;;;;;14404;72;;;;;14403.5;0.0
2;13600;GIFT_BASKET;70578;13;70577;22;;;70591;13;70592;22;;;70584.5;0.0
2;13600;CHOCOLATE;7895;44;7894;76;;;7896;44;7897;76;;;7895.5;0.0
2;13700;GIFT_BASKET;70577;1;70576;20;70575;29;70588;1;70589;20;70590;29;70582.5;0.0
2;13700;CHOCOLATE;7894;37;7893;88;;;7895;37;7896;88;;;7894.5;0.0
2;13700;ROSES;14402;29;14401;32;;;14403;61;;;;;14402.5;0.0
2;13700;STRAWBERRIES;4032;246;;;;;4033;88;4034;158;;;4032.5;0.0
2;13800;GIFT_BASKET;70582;15;70580;29;;;70595;15;70596;29;;;70588.5;0.0
2;13800;CHOCOLATE;7895;151;;;;;7896;60;7897;91;;;7895.5;0.0
2;13800;ROSES;14402;77;;;;;14403;77;;;;;14402.5;0.0
2;13800;STRAWBERRIES;4032;91;4031;141;;;4033;232;;;;;4032.5;0.0
2;13900;ROSES;14404;52;;;;;14405;17;14406;35;;;14404.5;0.0
2;13900;STRAWBERRIES;4032;254;;;;;4033;87;4034;167;;;4032.5;0.0
2;13900;GIFT_BASKET;70576;1;70575;20;70574;17;70587;1;70588;20;70589;17;70581.5;0.0
2;13900;CHOCOLATE;7894;134;;;;;7895;47;7896;87;;;7894.5;0.0
2;14000;ROSES;14405;61;;;;;14407;61;;;;;14406.0;0.0
2;14000;STRAWBERRIES;4032;95;4031;196;;;4033;291;;;;;4032.5;0.0
2;14000;GIFT_BASKET;70578;1;70577;15;70576;17;70589;1;70590;15;70591;17;70583.5;0.0
2;14000;CHOCOLATE;7894;150;;;;;7896;150;;;;;7895.0;0.0
2;14100;GIFT_BASKET;70581;1;70580;13;70579;30;70592;1;70593;13;70594;30;70586.5;0.0
2;14100;CHOCOLATE;7895;57;7894;86;;;7896;143;;;;;7895.5;0.0
2;14100;ROSES;14406;75;;;;;14407;75;;;;;14406.5;0.0
2;14100;STRAWBERRIES;4032;86;4031;196;;;4033;282;;;;;4032.5;0.0
2;14200;GIFT_BASKET;70590;1;70588;15;70587;22;70600;1;70601;15;70603;22;70595.0;0.0
2;14200;CHOCOLATE;7894;138;;;;;7896;138;;;;;7895.0;0.0
2;14200;ROSES;14408;56;;;;;14410;56;;;;;14409.0;0.0
2;14200;STRAWBERRIES;4032;252;;;;;4033;88;4034;164;;;4032.5;0.0
2;14300;ROSES;14413;69;;;;;14415;69;;;;;14414.0;0.0
2;14300;STRAWBERRIES;4032;173;;;;;4033;58;4034;115;;;4032.5;0.0
2;14300;GIFT_BASKET;70606;2;70605;12;70604;29;70617;2;70618;12;70619;29;70611.5;0.0
2;14300;CHOCOLATE;7896;118;;;;;7897;60;7898;58;;;7896.5;0.0
2;14400;ROSES;14414;24;14413;42;;;14415;66;;;;;14414.5;0.0
2;14400;STRAWBERRIES;4032;218;;;;;4034;218;;;;;4033.0;0.0
2;14400;GIFT_BASKET;70600;1;70599;18;70598;24;70611;1;70612;18;70613;24;70605.5;0.0
2;14400;CHOCOLATE;7894;139;;;;;7895;9;7896;139;;;7894.5;0.0
2;14500;GIFT_BASKET;70593;1;70592;14;70591;21;70604;1;70605;14;70606;21;70598.5;0.0
2;14500;CHOCOLATE;7895;152;;;;;7896;65;7897;87;;;7895.5;0.0
2;14500;ROSES;14411;21;14410;43;;;14412;64;;;;;14411.5;0.0
2;14500;STRAWBERRIES;4032;222;;;;;4033;87;4034;135;;;4032.5;0.0
2;14600;GIFT_BASKET;70596;1;70594;12;70593;29;70606;1;70607;12;70609;29;70601.0;0.0
2;14600;CHOCOLATE;7894;35;7893;100;;;7895;35;7896;100;;;7894.5;0.0
2;14600;ROSES;14410;68;;;;;14411;29;14412;39;;;14410.5;0.0
2;14600;STRAWBERRIES;4032;217;;;;;4034;217;;;;;4033.0;0.0
2;14700;ROSES;14410;63;;;;;14411;63;;;;;14410.5;0.0
2;14700;STRAWBERRIES;4033;72;4032;131;;;4034;203;;;;;4033.5;0.0
2;14700;GIFT_BASKET;70591;13;70590;20;;;70604;13;70605;20;;;70597.5;0.0
2;14700;CHOCOLATE;7894;122;;;;;7896;122;;;;;7895.0;0.0
2;14800;ROSES;14409;46;;;;;14410;46;;;;;14409.5;0.0
2;14800;STRAWBERRIES;4033;175;;;;;4034;59;4035;116;;;4033.5;0.0
2;14800;GIFT_BASKET;70595;1;70594;15;70593;15;70606;1;70607;15;70608;15;70600.5;0.0
2;14800;CHOCOLATE;7896;25;7895;59;;;7897;94;;;;;7896.5;0.0
2;14900;CHOCOLATE;7894;161;;;;;7896;161;;;;;7895.0;0.0
2;14900;GIFT_BASKET;70600;1;70599;20;70598;29;70611;1;70612;20;70613;29;70605.5;0.0
2;14900;STRAWBERRIES;4033;219;;;;;4034;98;4035;121;;;4033.5;0.0
2;14900;ROSES;14410;62;;;;;14412;62;;;;;14411.0;0.0
2;15000;GIFT_BASKET;70595;8;70589;17;70588;26;70602;17;70603;26;;;70598.5;0.0
2;15000;CHOCOLATE;7893;157;;;;;7895;157;;;;;7894.0;0.0
2;15000;ROSES;14412;65;;;;;14414;65;;;;;14413.0;0.0
2;15000;STRAWBERRIES;4033;274;;;;;4034;100;4035;174;;;4033.5;0.0
2;15100;STRAWBERRIES;4033;226;;;;;4035;226;;;;;4034.0;0.0
2;15100;ROSES;14415;19;14414;40;;;14416;59;;;;;14415.5;0.0
2;15100;CHOCOLATE;7894;127;;;;;7896;127;;;;;7895.0;0.0
2;15100;GIFT_BASKET;70596;16;70595;19;;;70609;16;70610;19;;;70602.5;0.0
2;15200;ROSES;14416;26;14415;32;;;14417;58;;;;;14416.5;0.0
2;15200;STRAWBERRIES;4034;264;;;;;4035;99;4036;165;;;4034.5;0.0
2;15200;GIFT_BASKET;70604;14;70603;26;;;70610;3;70617;14;70618;26;70607.0;0.0
2;15200;CHOCOLATE;7894;152;;;;;7896;152;;;;;7895.0;0.0
2;15300;CHOCOLATE;7896;136;;;;;7898;136;;;;;7897.0;0.0
2;15300;GIFT_BASKET;70617;2;70616;17;70614;24;70627;2;70628;17;70630;24;70622.0;0.0
2;15300;STRAWBERRIES;4034;88;4033;190;;;4035;278;;;;;4034.5;0.0
2;15300;ROSES;14416;67;;;;;14418;67;;;;;14417.0;0.0
2;15400;GIFT_BASKET;70625;1;70624;19;70623;25;70636;1;70637;19;70638;25;70630.5;0.0
2;15400;CHOCOLATE;7897;117;;;;;7898;48;7899;69;;;7897.5;0.0
2;15400;ROSES;14413;64;;;;;14415;64;;;;;14414.0;0.0
2;15400;STRAWBERRIES;4034;243;;;;;4036;243;;;;;4035.0;0.0
2;15500;STRAWBERRIES;4034;194;;;;;4036;194;;;;;4035.0;0.0
2;15500;ROSES;14412;73;;;;;14414;73;;;;;14413.0;0.0
2;15500;CHOCOLATE;7897;121;;;;;7899;121;;;;;7898.0;0.0
2;15500;GIFT_BASKET;70632;2;70631;15;70630;29;70643;2;70644;15;70645;29;70637.5;0.0
2;15600;ROSES;14410;58;;;;;14411;24;14412;34;;;14410.5;0.0
2;15600;STRAWBERRIES;4034;57;4033;161;;;4035;218;;;;;4034.5;0.0
2;15600;GIFT_BASKET;70626;2;70625;18;70624;24;70637;2;70638;18;70639;24;70631.5;0.0
2;15600;CHOCOLATE;7898;37;7897;57;;;7899;37;7900;57;;;7898.5;0.0
2;15700;CHOCOLATE;7899;62;7898;95;;;7900;62;7901;95;;;7899.5;0.0
2;15700;GIFT_BASKET;70637;1;70636;10;70635;19;70648;1;70649;10;70650;19;70642.5;0.0
2;15700;STRAWBERRIES;4034;293;;;;;4035;95;4036;198;;;4034.5;0.0
2;15700;ROSES;14411;63;;;;;14412;63;;;;;14411.5;0.0
2;15800;CHOCOLATE;7897;40;7896;93;;;7898;133;;;;;7897.5;0.0
2;15800;GIFT_BASKET;70623;2;70622;18;70621;18;70634;2;70635;18;70636;18;70628.5;0.0
2;15800;ROSES;14410;51;;;;;14412;51;;;;;14411.0;0.0
2;15800;STRAWBERRIES;4034;249;;;;;4035;249;;;;;4034.5;0.0
2;15900;STRAWBERRIES;4033;219;;;;;4034;94;4035;125;;;4033.5;0.0
2;15900;ROSES;14410;62;;;;;14411;22;14412;40;;;14410.5;0.0
2;15900;CHOCOLATE;7896;149;;;;;7898;149;;;;;7897.0;0.0
2;15900;GIFT_BASKET;70616;1;70615;12;70614;22;70627;1;70628;12;70629;22;70621.5;0.0
2;16000;ROSES;14411;53;;;;;14413;53;;;;;14412.0;0.0
2;16000;STRAWBERRIES;4033;245;;;;;4035;245;;;;;4034.0;0.0
2;16000;CHOCOLATE;7897;59;7896;62;;;7898;121;;;;;7897.5;0.0
2;16000;GIFT_BASKET;70618;16;70617;16;;;70631;16;70633;16;;;70624.5;0.0
2;16100;CHOCOLATE;7897;45;7896;52;;;7898;97;;;;;7897.5;0.0
2;16100;GIFT_BASKET;70619;2;70618;11;70617;26;70630;2;70631;11;70632;26;70624.5;0.0
2;16100;STRAWBERRIES;4033;52;4032;132;;;4034;184;;;;;4033.5;0.0
2;16100;ROSES;14411;26;14410;47;;;14412;73;;;;;14411.5;0.0
2;16200;CHOCOLATE;7895;121;;;;;7896;36;7897;85;;;7895.5;0.0
2;16200;GIFT_BASKET;70623;2;70622;10;70621;25;70628;1;70634;2;70635;10;70625.5;0.0
2;16200;ROSES;14413;66;;;;;14415;66;;;;;14414.0;0.0
2;16200;STRAWBERRIES;4033;190;;;;;4034;85;4035;105;;;4033.5;0.0
2;16300;STRAWBERRIES;4033;242;;;;;4035;242;;;;;4034.0;0.0
2;16300;ROSES;14416;57;;;;;14417;57;;;;;14416.5;0.0
2;16300;CHOCOLATE;7895;99;;;;;7897;99;;;;;7896.0;0.0
2;16300;GIFT_BASKET;70630;2;70629;19;70627;18;70640;2;70642;19;70643;18;70635.0;0.0
2;16400;ROSES;14413;56;;;;;14415;56;;;;;14414.0;0.0
2;16400;STRAWBERRIES;4033;237;;;;;4035;237;;;;;4034.0;0.0
2;16400;CHOCOLATE;7894;63;7893;53;;;7895;63;7896;53;;;7894.5;0.0
2;16400;GIFT_BASKET;70621;1;70620;19;70619;15;70632;1;70633;19;70634;15;70626.5;0.0
2;16500;CHOCOLATE;7894;103;;;;;7896;103;;;;;7895.0;0.0
2;16500;GIFT_BASKET;70622;1;70621;15;70620;29;70633;1;70634;15;70635;29;70627.5;0.0
2;16500;STRAWBERRIES;4033;156;;;;;4034;56;4035;100;;;4033.5;0.0
2;16500;ROSES;14417;29;14416;48;;;14418;77;;;;;14417.5;0.0
2;16600;CHOCOLATE;7893;119;;;;;7895;119;;;;;7894.0;0.0
2;16600;GIFT_BASKET;70614;4;70610;2;70608;10;70620;2;70621;10;70623;23;70617.0;0.0
2;16600;ROSES;14416;23;14415;43;;;14417;66;;;;;14416.5;0.0
2;16600;STRAWBERRIES;4032;183;;;;;4033;4;4034;183;;;4032.5;0.0
2;16700;STRAWBERRIES;4031;186;;;;;4033;186;;;;;4032.0;0.0
2;16700;ROSES;14414;24;14413;43;;;14415;67;;;;;14414.5;0.0
2;16700;CHOCOLATE;7893;118;;;;;7894;51;7895;67;;;7893.5;0.0
2;16700;GIFT_BASKET;70595;2;70594;13;70593;24;70606;2;70607;13;70608;24;70600.5;0.0
2;16800;ROSES;14413;17;14412;40;;;14414;57;;;;;14413.5;0.0
2;16800;STRAWBERRIES;4032;82;4031;198;;;4033;286;;;;;4032.5;0.0
2;16800;CHOCOLATE;7892;141;;;;;7894;141;;;;;7893.0;0.0
2;16800;GIFT_BASKET;70588;2;70587;11;70586;17;70599;2;70600;11;70601;17;70593.5;0.0
2;16900;CHOCOLATE;7891;121;;;;;7893;121;;;;;7892.0;0.0
2;16900;GIFT_BASKET;70574;19;70573;19;;;70587;19;70588;19;;;70580.5;0.0
2;16900;STRAWBERRIES;4032;178;;;;;4033;73;4034;105;;;4032.5;0.0
2;16900;ROSES;14409;68;;;;;14411;68;;;;;14410.0;0.0
2;17000;CHOCOLATE;7891;38;7890;95;;;7892;133;;;;;7891.5;0.0
2;17000;GIFT_BASKET;70583;1;70582;13;70581;26;70594;1;70595;13;70596;26;70588.5;0.0
2;17000;ROSES;14410;73;;;;;14411;26;14412;47;;;14410.5;0.0
2;17000;STRAWBERRIES;4032;244;;;;;4033;95;4034;149;;;4032.5;0.0
2;17100;STRAWBERRIES;4032;79;4031;170;;;4033;249;;;;;4032.5;0.0
2;17100;ROSES;14413;73;;;;;14414;27;14415;46;;;14413.5;0.0
2;17100;CHOCOLATE;7890;135;;;;;7892;135;;;;;7891.0;0.0
2;17100;GIFT_BASKET;70584;2;70583;19;70582;27;70595;2;70596;19;70597;27;70589.5;0.0
2;17200;ROSES;14409;75;;;;;14410;30;14411;45;;;14409.5;0.0
2;17200;STRAWBERRIES;4032;150;;;;;4033;150;;;;;4032.5;0.0
2;17200;CHOCOLATE;7890;93;;;;;7891;43;7892;50;;;7890.5;0.0
2;17200;GIFT_BASKET;70574;2;70573;19;70572;30;70585;2;70586;19;70587;30;70579.5;0.0
2;17300;CHOCOLATE;7891;52;7890;85;;;7892;52;7893;85;;;7891.5;0.0
2;17300;GIFT_BASKET;70584;4;70578;13;70577;15;70591;13;70593;15;;;70587.5;0.0
2;17300;STRAWBERRIES;4032;92;4031;137;;;4033;222;;;;;4032.5;0.0
2;17300;ROSES;14410;45;;;;;14411;15;14412;30;;;14410.5;0.0
2;17400;CHOCOLATE;7891;39;7890;80;;;7892;119;;;;;7891.5;0.0
2;17400;GIFT_BASKET;70584;11;70583;24;;;70597;11;70598;24;;;70590.5;0.0
2;17400;ROSES;14411;73;;;;;14413;73;;;;;14412.0;0.0
2;17400;STRAWBERRIES;4032;206;;;;;4033;206;;;;;4032.5;0.0
2;17500;STRAWBERRIES;4032;63;4031;179;;;4033;242;;;;;4032.5;0.0
2;17500;ROSES;14413;67;;;;;14414;27;14415;40;;;14413.5;0.0
2;17500;CHOCOLATE;7891;37;7890;63;;;7892;37;7893;63;;;7891.5;0.0
2;17500;GIFT_BASKET;70586;1;70585;15;70584;27;70597;1;70598;15;70599;27;70591.5;0.0
2;17600;ROSES;14415;23;14414;43;;;14416;66;;;;;14415.5;0.0
2;17600;STRAWBERRIES;4032;55;4031;103;;;4033;158;;;;;4032.5;0.0
2;17600;CHOCOLATE;7889;107;;;;;7890;52;7891;55;;;7889.5;0.0
2;17600;GIFT_BASKET;70573;1;70572;15;70570;23;70583;1;70585;15;70586;23;70578.0;0.0
2;17700;CHOCOLATE;7891;39;7890;85;;;7892;124;;;;;7891.5;0.0
2;17700;GIFT_BASKET;70587;2;70586;14;70585;17;70598;2;70599;14;70600;17;70592.5;0.0
2;17700;STRAWBERRIES;4032;225;;;;;4034;225;;;;;4033.0;0.0
2;17700;ROSES;14416;17;14415;43;;;14417;60;;;;;14416.5;0.0
2;17800;CHOCOLATE;7891;46;7890;68;;;7892;114;;;;;7891.5;0.0
2;17800;GIFT_BASKET;70589;13;70588;26;;;70602;13;70603;26;;;70595.5;0.0
2;17800;ROSES;14414;61;;;;;14416;61;;;;;14415.0;0.0
2;17800;STRAWBERRIES;4032;239;;;;;4033;68;4034;171;;;4032.5;0.0
2;17900;STRAWBERRIES;4032;271;;;;;4034;271;;;;;4033.0;0.0
2;17900;ROSES;14416;68;;;;;14418;68;;;;;14417.0;0.0
2;17900;CHOCOLATE;7890;157;;;;;7892;157;;;;;7891.0;0.0
2;17900;GIFT_BASKET;70591;18;70590;23;;;70604;18;70605;23;;;70597.5;0.0
2;18000;STRAWBERRIES;4032;232;;;;;4033;78;4034;154;;;4032.5;0.0
2;18000;ROSES;14417;63;;;;;14419;63;;;;;14418.0;0.0
2;18000;GIFT_BASKET;70601;2;70600;10;70599;19;70612;2;70613;10;70614;19;70606.5;0.0
2;18000;CHOCOLATE;7891;121;;;;;7892;43;7893;78;;;7891.5;0.0
2;18100;GIFT_BASKET;70598;1;70597;20;70596;15;70609;1;70610;20;70611;15;70603.5;0.0
2;18100;CHOCOLATE;7890;47;7889;79;;;7891;126;;;;;7890.5;0.0
2;18100;ROSES;14419;56;;;;;14420;15;14421;41;;;14419.5;0.0
2;18100;STRAWBERRIES;4032;244;;;;;4033;79;4034;165;;;4032.5;0.0
2;18200;GIFT_BASKET;70617;1;70611;15;70610;24;70624;15;70625;24;;;70620.5;0.0
2;18200;CHOCOLATE;7892;44;7891;61;;;7893;44;7894;61;;;7892.5;0.0
2;18200;ROSES;14420;58;;;;;14421;58;;;;;14420.5;0.0
2;18200;STRAWBERRIES;4032;208;;;;;4034;208;;;;;4033.0;0.0
2;18300;ROSES;14419;64;;;;;14420;23;14421;47;;;14419.5;0.0
2;18300;STRAWBERRIES;4032;200;;;;;4034;200;;;;;4033.0;0.0
2;18300;GIFT_BASKET;70614;2;70612;20;70611;23;70624;2;70625;20;70627;23;70619.0;0.0
2;18300;CHOCOLATE;7893;96;;;;;7894;46;7895;50;;;7893.5;0.0
2;18400;ROSES;14419;66;;;;;14420;66;;;;;14419.5;0.0
2;18400;STRAWBERRIES;4032;189;;;;;4034;189;;;;;4033.0;0.0
2;18400;GIFT_BASKET;70618;19;70617;19;;;70631;19;70632;19;;;70624.5;0.0
2;18400;CHOCOLATE;7892;103;;;;;7894;103;;;;;7893.0;0.0
2;18500;GIFT_BASKET;70623;1;70622;14;70621;20;70634;1;70635;14;70636;20;70628.5;0.0
2;18500;CHOCOLATE;7892;131;;;;;7894;131;;;;;7893.0;0.0
2;18500;ROSES;14420;61;;;;;14422;61;;;;;14421.0;0.0
2;18500;STRAWBERRIES;4033;224;;;;;4034;224;;;;;4033.5;0.0
2;18600;GIFT_BASKET;70635;2;70633;18;70632;16;70645;2;70646;18;70648;16;70640.0;0.0
2;18600;CHOCOLATE;7893;151;;;;;7894;57;7895;94;;;7893.5;0.0
2;18600;ROSES;14423;46;;;;;14424;46;;;;;14423.5;0.0
2;18600;STRAWBERRIES;4033;227;;;;;4034;227;;;;;4033.5;0.0
2;18700;ROSES;14418;56;;;;;14419;56;;;;;14418.5;0.0
2;18700;STRAWBERRIES;4032;290;;;;;4034;290;;;;;4033.0;0.0
2;18700;GIFT_BASKET;70625;11;70624;24;;;70638;11;70639;24;;;70631.5;0.0
2;18700;CHOCOLATE;7892;129;;;;;7893;39;7894;90;;;7892.5;0.0
2;18800;ROSES;14414;67;;;;;14416;67;;;;;14415.0;0.0
2;18800;STRAWBERRIES;4032;63;4031;185;;;4033;248;;;;;4032.5;0.0
2;18800;GIFT_BASKET;70622;2;70621;15;70620;29;70633;2;70634;15;70635;29;70627.5;0.0
2;18800;CHOCOLATE;7894;98;;;;;7896;98;;;;;7895.0;0.0
2;18900;GIFT_BASKET;70628;1;70626;18;70625;24;70638;1;70639;18;70641;24;70633.0;0.0
2;18900;CHOCOLATE;7893;140;;;;;7895;140;;;;;7894.0;0.0
2;18900;ROSES;14410;72;;;;;14411;24;14412;48;;;14410.5;0.0
2;18900;STRAWBERRIES;4031;239;;;;;4033;239;;;;;4032.0;0.0
2;19000;GIFT_BASKET;70636;1;70635;18;70634;27;70647;1;70648;18;70649;27;70641.5;0.0
2;19000;CHOCOLATE;7894;106;;;;;7895;50;7896;56;;;7894.5;0.0
2;19000;ROSES;14409;27;14408;30;;;14410;57;;;;;14409.5;0.0
2;19000;STRAWBERRIES;4031;213;;;;;4033;213;;;;;4032.0;0.0
2;19100;ROSES;14407;55;;;;;14408;55;;;;;14407.5;0.0
2;19100;STRAWBERRIES;4031;180;;;;;4032;64;4033;116;;;4031.5;0.0
2;19100;GIFT_BASKET;70635;1;70634;17;70633;23;70646;1;70647;17;70648;23;70640.5;0.0
2;19100;CHOCOLATE;7894;116;;;;;7896;116;;;;;7895.0;0.0
2;19200;ROSES;14407;63;;;;;14408;24;14409;39;;;14407.5;0.0
2;19200;STRAWBERRIES;4031;261;;;;;4032;83;4033;178;;;4031.5;0.0
2;19200;GIFT_BASKET;70636;1;70635;16;70634;24;70647;1;70648;16;70649;24;70641.5;0.0
2;19200;CHOCOLATE;7895;131;;;;;7896;48;7897;83;;;7895.5;0.0
2;19300;GIFT_BASKET;70634;2;70633;20;70632;17;70645;2;70646;20;70647;17;70639.5;0.0
2;19300;STRAWBERRIES;4031;209;;;;;4033;209;;;;;4032.0;0.0
2;19300;ROSES;14406;47;;;;;14408;47;;;;;14407.0;0.0
2;19300;CHOCOLATE;7895;134;;;;;7896;41;7897;86;;;7895.5;0.0
2;19400;STRAWBERRIES;4031;218;;;;;4032;65;4033;160;;;4031.5;0.0
2;19400;GIFT_BASKET;70641;20;70640;18;;;70654;20;70655;18;;;70647.5;0.0
2;19400;CHOCOLATE;7894;101;;;;;7895;36;7896;65;;;7894.5;0.0
2;19400;ROSES;14410;18;14409;46;;;14411;64;;;;;14410.5;0.0
2;19500;ROSES;14408;51;;;;;14409;51;;;;;14408.5;0.0
2;19500;CHOCOLATE;7895;138;;;;;7896;57;7897;81;;;7895.5;0.0
2;19500;GIFT_BASKET;70638;1;70637;14;70636;18;70649;1;70650;14;70651;18;70643.5;0.0
2;19500;STRAWBERRIES;4031;206;;;;;4032;206;;;;;4031.5;0.0
2;19600;CHOCOLATE;7894;159;;;;;7895;61;7896;98;;;7894.5;0.0
2;19600;ROSES;14406;61;;;;;14407;61;;;;;14406.5;0.0
2;19600;STRAWBERRIES;4031;98;4030;102;;;4032;200;;;;;4031.5;0.0
2;19600;GIFT_BASKET;70635;2;70634;17;70633;19;70646;2;70647;17;70648;19;70640.5;0.0
2;19700;GIFT_BASKET;70626;2;70625;17;70623;25;70636;2;70638;17;70639;25;70631.0;0.0
2;19700;STRAWBERRIES;4031;56;4030;107;;;4032;163;;;;;4031.5;0.0
2;19700;ROSES;14404;25;14403;33;;;14405;58;;;;;14404.5;0.0
2;19700;CHOCOLATE;7894;120;;;;;7895;64;7896;56;;;7894.5;0.0
2;19800;STRAWBERRIES;4031;189;;;;;4033;189;;;;;4032.0;0.0
2;19800;GIFT_BASKET;70628;16;70627;29;;;70641;16;70642;29;;;70634.5;0.0
2;19800;CHOCOLATE;7894;122;;;;;7896;122;;;;;7895.0;0.0
2;19800;ROSES;14403;86;;;;;14404;76;;;;;14403.5;0.0
2;19900;ROSES;14403;78;;;;;14404;28;14405;50;;;14403.5;0.0
2;19900;CHOCOLATE;7894;103;;;;;7896;103;;;;;7895.0;0.0
2;19900;GIFT_BASKET;70625;2;70624;18;70623;28;70636;2;70637;18;70638;28;70630.5;0.0
2;19900;STRAWBERRIES;4032;235;;;;;4033;235;;;;;4032.5;0.0
2;20000;CHOCOLATE;7894;56;7893;86;;;7895;56;7896;86;;;7894.5;0.0
2;20000;ROSES;14402;70;;;;;14403;70;;;;;14402.5;0.0
2;20000;STRAWBERRIES;4032;186;;;;;4033;86;4034;100;;;4032.5;0.0
2;20000;GIFT_BASKET;70627;2;70626;16;70625;27;70638;2;70639;16;70640;27;70632.5;0.0
2;20100;GIFT_BASKET;70630;2;70629;11;70628;16;70641;2;70642;11;70643;16;70635.5;0.0
2;20100;STRAWBERRIES;4032;274;;;;;4034;274;;;;;4033.0;0.0
2;20100;ROSES;14399;62;;;;;14400;16;14401;46;;;14399.5;0.0
2;20100;CHOCOLATE;7894;151;;;;;7895;51;7896;100;;;7894.5;0.0
2;20200;STRAWBERRIES;4032;168;;;;;4034;168;;;;;4033.0;0.0
2;20200;CHOCOLATE;7893;123;;;;;7895;123;;;;;7894.0;0.0
2;20200;GIFT_BASKET;70626;10;70625;28;;;70639;10;70640;28;;;70632.5;0.0
2;20200;ROSES;14396;28;14395;47;;;14397;75;;;;;14396.5;0.0
2;20300;ROSES;14396;61;;;;;14397;61;;;;;14396.5;0.0
2;20300;CHOCOLATE;7896;35;7895;96;;;7897;131;;;;;7896.5;0.0
2;20300;GIFT_BASKET;70636;1;70635;18;70634;16;70647;1;70648;18;70649;16;70641.5;0.0
2;20300;STRAWBERRIES;4032;269;;;;;4034;269;;;;;4033.0;0.0
2;20400;CHOCOLATE;7896;151;;;;;7898;151;;;;;7897.0;0.0
2;20400;GIFT_BASKET;70620;19;70619;29;;;70633;19;70634;29;;;70626.5;0.0
2;20400;ROSES;14394;61;;;;;14396;61;;;;;14395.0;0.0
2;20400;STRAWBERRIES;4032;203;;;;;4034;203;;;;;4033.0;0.0
2;20500;STRAWBERRIES;4032;201;;;;;4034;201;;;;;4033.0;0.0
2;20500;ROSES;14392;20;14391;47;;;14393;67;;;;;14392.5;0.0
2;20500;CHOCOLATE;7893;139;;;;;7895;139;;;;;7894.0;0.0
2;20500;GIFT_BASKET;70602;20;70601;20;;;70615;20;70616;20;;;70608.5;0.0
2;20600;STRAWBERRIES;4032;271;;;;;4034;271;;;;;4033.0;0.0
2;20600;CHOCOLATE;7892;151;;;;;7894;151;;;;;7893.0;0.0
2;20600;GIFT_BASKET;70592;1;70591;17;70590;27;70603;1;70604;17;70605;27;70597.5;0.0
2;20600;ROSES;14391;77;;;;;14392;77;;;;;14391.5;0.0
2;20700;ROSES;14392;24;14391;47;;;14393;71;;;;;14392.5;0.0
2;20700;CHOCOLATE;7892;109;;;;;7894;109;;;;;7893.0;0.0
2;20700;GIFT_BASKET;70598;1;70597;13;70596;24;70609;1;70610;13;70611;24;70603.5;0.0
2;20700;STRAWBERRIES;4032;229;;;;;4034;229;;;;;4033.0;0.0
2;20800;CHOCOLATE;7892;142;;;;;7894;142;;;;;7893.0;0.0
2;20800;GIFT_BASKET;70601;1;70600;18;70599;25;70606;5;70612;1;70613;18;70603.5;0.0
2;20800;ROSES;14397;74;;;;;14398;74;;;;;14397.5;0.0
2;20800;STRAWBERRIES;4032;273;;;;;4033;98;4034;175;;;4032.5;0.0
2;20900;STRAWBERRIES;4032;183;;;;;4033;80;4034;103;;;4032.5;0.0
2;20900;ROSES;14401;80;;;;;14402;80;;;;;14401.5;0.0
2;20900;CHOCOLATE;7893;58;7892;80;;;7894;138;;;;;7893.5;0.0
2;20900;GIFT_BASKET;70592;1;70591;19;70590;30;70603;1;70604;19;70605;30;70597.5;0.0
2;21000;STRAWBERRIES;4032;267;;;;;4033;267;;;;;4032.5;0.0
2;21000;CHOCOLATE;7892;57;7891;88;;;7893;57;7894;88;;;7892.5;0.0
2;21000;GIFT_BASKET;70590;2;70589;13;70588;16;70601;2;70602;13;70603;16;70595.5;0.0
2;21000;ROSES;14398;61;;;;;14400;61;;;;;14399.0;0.0
2;21100;ROSES;14397;53;;;;;14398;15;14399;38;;;14397.5;0.0
2;21100;CHOCOLATE;7891;51;7890;91;;;7892;51;7893;91;;;7891.5;0.0
2;21100;GIFT_BASKET;70575;1;70574;20;70573;15;70586;1;70587;20;70588;15;70580.5;0.0
2;21100;STRAWBERRIES;4032;249;;;;;4033;249;;;;;4032.5;0.0
2;21200;CHOCOLATE;7890;51;7889;100;;;7891;51;7892;100;;;7890.5;0.0
2;21200;GIFT_BASKET;70572;1;70571;18;70570;25;70583;1;70584;18;70585;25;70577.5;0.0
2;21200;ROSES;14392;56;;;;;14393;56;;;;;14392.5;0.0
2;21200;STRAWBERRIES;4032;266;;;;;4033;266;;;;;4032.5;0.0
2;21300;STRAWBERRIES;4032;241;;;;;4033;241;;;;;4032.5;0.0
2;21300;ROSES;14387;15;14386;30;;;14388;45;;;;;14387.5;0.0
2;21300;CHOCOLATE;7889;37;7888;73;;;7890;110;;;;;7889.5;0.0
2;21300;GIFT_BASKET;70572;17;70571;15;;;70585;17;70586;15;;;70578.5;0.0
2;21400;STRAWBERRIES;4032;205;;;;;4033;71;4034;139;;;4032.5;0.0
2;21400;CHOCOLATE;7888;106;;;;;7889;35;7890;71;;;7888.5;0.0
2;21400;GIFT_BASKET;70566;2;70565;20;70564;23;70577;2;70578;20;70579;23;70571.5;0.0
2;21400;ROSES;14382;70;;;;;14383;70;;;;;14382.5;0.0
2;21500;ROSES;14384;69;;;;;14385;21;14386;48;;;14384.5;0.0
2;21500;CHOCOLATE;7888;53;7887;59;;;7889;53;7890;59;;;7888.5;0.0
2;21500;GIFT_BASKET;70573;1;70567;20;70566;21;70580;20;70581;21;;;70576.5;0.0
2;21500;STRAWBERRIES;4032;160;;;;;4033;160;;;;;4032.5;0.0
2;21600;CHOCOLATE;7886;127;;;;;7887;55;7888;72;;;7886.5;0.0
2;21600;GIFT_BASKET;70554;1;70553;14;70552;17;70565;1;70566;14;70567;17;70559.5;0.0
2;21600;ROSES;14383;53;;;;;14385;53;;;;;14384.0;0.0
2;21600;STRAWBERRIES;4032;220;;;;;4034;220;;;;;4033.0;0.0
2;21700;STRAWBERRIES;4032;242;;;;;4034;242;;;;;4033.0;0.0
2;21700;ROSES;14380;28;14379;41;;;14381;69;;;;;14380.5;0.0
2;21700;CHOCOLATE;7888;62;7887;98;;;7889;160;;;;;7888.5;0.0
2;21700;GIFT_BASKET;70561;18;70560;28;;;70574;18;70575;28;;;70567.5;0.0
2;21800;STRAWBERRIES;4033;11;4032;191;;;4034;191;;;;;4033.5;0.0
2;21800;CHOCOLATE;7887;130;;;;;7889;130;;;;;7888.0;0.0
2;21800;GIFT_BASKET;70553;2;70552;16;70551;17;70564;2;70565;16;70566;17;70558.5;0.0
2;21800;ROSES;14378;17;14377;31;;;14379;48;;;;;14378.5;0.0
2;21900;ROSES;14376;48;;;;;14378;48;;;;;14377.0;0.0
2;21900;CHOCOLATE;7885;152;;;;;7887;152;;;;;7886.0;0.0
2;21900;GIFT_BASKET;70542;1;70541;17;70540;17;70553;1;70554;17;70555;17;70547.5;0.0
2;21900;STRAWBERRIES;4032;209;;;;;4034;209;;;;;4033.0;0.0
2;22000;CHOCOLATE;7886;52;7885;85;;;7887;137;;;;;7886.5;0.0
2;22000;GIFT_BASKET;70538;2;70537;13;70536;23;70549;2;70550;13;70551;23;70543.5;0.0
2;22000;ROSES;14374;67;;;;;14376;67;;;;;14375.0;0.0
2;22000;STRAWBERRIES;4032;211;;;;;4033;85;4034;126;;;4032.5;0.0
2;22100;STRAWBERRIES;4032;182;;;;;4033;54;4034;128;;;4032.5;0.0
2;22100;ROSES;14378;65;;;;;14379;22;14380;43;;;14378.5;0.0
2;22100;CHOCOLATE;7886;105;;;;;7888;105;;;;;7887.0;0.0
2;22100;GIFT_BASKET;70545;1;70544;14;70543;22;70556;1;70557;14;70558;22;70550.5;0.0
2;22200;STRAWBERRIES;4032;220;;;;;4034;220;;;;;4033.0;0.0
2;22200;CHOCOLATE;7885;128;;;;;7887;128;;;;;7886.0;0.0
2;22200;GIFT_BASKET;70549;1;70548;11;70547;24;70560;1;70561;11;70562;24;70554.5;0.0
2;22200;ROSES;14373;62;;;;;14374;62;;;;;14373.5;0.0
2;22300;CHOCOLATE;7887;154;;;;;7889;154;;;;;7888.0;0.0
2;22300;GIFT_BASKET;70548;10;70547;28;;;70561;10;70562;28;;;70554.5;0.0
2;22300;STRAWBERRIES;4032;225;;;;;4034;213;;;;;4033.0;0.0
2;22300;ROSES;14372;28;14371;37;;;14373;65;;;;;14372.5;0.0
2;22400;CHOCOLATE;7888;60;7887;93;;;7889;153;;;;;7888.5;0.0
2;22400;GIFT_BASKET;70543;13;70542;22;;;70556;13;70557;22;;;70549.5;0.0
2;22400;STRAWBERRIES;4032;267;;;;;4034;267;;;;;4033.0;0.0
2;22400;ROSES;14372;67;;;;;14373;22;14374;45;;;14372.5;0.0
2;22500;ROSES;14373;62;;;;;14374;30;14375;32;;;14373.5;0.0
2;22500;STRAWBERRIES;4032;269;;;;;4034;269;;;;;4033.0;0.0
2;22500;GIFT_BASKET;70544;12;70543;30;;;70557;12;70558;30;;;70550.5;0.0
2;22500;CHOCOLATE;7887;153;;;;;7888;62;7889;91;;;7887.5;0.0
2;22600;ROSES;14367;57;;;;;14369;57;;;;;14368.0;0.0
2;22600;STRAWBERRIES;4032;218;;;;;4034;218;;;;;4033.0;0.0
2;22600;GIFT_BASKET;70528;15;70527;22;;;70541;15;70542;22;;;70534.5;0.0
2;22600;CHOCOLATE;7885;51;7884;80;;;7886;51;7887;80;;;7885.5;0.0
2;22700;GIFT_BASKET;70520;15;70519;28;;;70533;15;70534;28;;;70526.5;0.0
2;22700;CHOCOLATE;7883;105;;;;;7885;105;;;;;7884.0;0.0
2;22700;ROSES;14368;28;14367;31;;;14369;59;;;;;14368.5;0.0
2;22700;STRAWBERRIES;4032;251;;;;;4033;62;4034;189;;;4032.5;0.0
2;22800;GIFT_BASKET;70520;2;70519;17;70518;30;70531;2;70532;17;70533;30;70525.5;0.0
2;22800;CHOCOLATE;7884;64;7883;85;;;7885;64;7886;85;;;7884.5;0.0
2;22800;ROSES;14364;64;;;;;14366;64;;;;;14365.0;0.0
2;22800;STRAWBERRIES;4032;241;;;;;4034;241;;;;;4033.0;0.0
2;22900;ROSES;14363;23;14362;46;;;14364;69;;;;;14363.5;0.0
2;22900;STRAWBERRIES;4032;253;;;;;4034;253;;;;;4033.0;0.0
2;22900;GIFT_BASKET;70509;2;70508;14;70507;23;70520;2;70521;14;70522;23;70514.5;0.0
2;22900;CHOCOLATE;7882;39;7881;68;;;7883;39;7884;68;;;7882.5;0.0
2;23000;ROSES;14358;55;;;;;14360;55;;;;;14359.0;0.0
2;23000;STRAWBERRIES;4033;250;;;;;4034;250;;;;;4033.5;0.0
2;23000;GIFT_BASKET;70512;1;70511;16;70510;24;70523;1;70524;16;70525;24;70517.5;0.0
2;23000;CHOCOLATE;7882;113;;;;;7883;42;7884;71;;;7882.5;0.0
2;23100;GIFT_BASKET;70529;18;70528;30;;;70542;18;70543;30;;;70535.5;0.0
2;23100;CHOCOLATE;7884;57;7883;78;;;7885;135;;;;;7884.5;0.0
2;23100;ROSES;14360;65;;;;;14362;65;;;;;14361.0;0.0
2;23100;STRAWBERRIES;4033;263;;;;;4035;263;;;;;4034.0;0.0
2;23200;GIFT_BASKET;70537;2;70536;20;70535;30;70547;2;70549;20;70550;30;70542.0;0.0
2;23200;CHOCOLATE;7882;143;;;;;7884;143;;;;;7883.0;0.0
2;23200;ROSES;14368;74;;;;;14369;30;14370;44;;;14368.5;0.0
2;23200;STRAWBERRIES;4033;258;;;;;4035;258;;;;;4034.0;0.0
2;23300;ROSES;14371;28;14370;35;;;14372;63;;;;;14371.5;0.0
2;23300;STRAWBERRIES;4034;214;;;;;4035;214;;;;;4034.5;0.0
2;23300;GIFT_BASKET;70535;2;70534;14;70533;28;70546;2;70547;14;70548;28;70540.5;0.0
2;23300;CHOCOLATE;7883;49;7882;51;;;7884;49;7885;51;;;7883.5;0.0
2;23400;ROSES;14370;30;14369;35;;;14371;65;;;;;14370.5;0.0
2;23400;STRAWBERRIES;4034;250;;;;;4036;250;;;;;4035.0;0.0
2;23400;GIFT_BASKET;70537;2;70536;13;70535;30;70548;2;70549;13;70550;30;70542.5;0.0
2;23400;CHOCOLATE;7884;42;7883;67;;;7885;42;7886;67;;;7884.5;0.0
2;23500;GIFT_BASKET;70531;1;70530;14;70529;25;70542;1;70543;14;70544;25;70536.5;0.0
2;23500;CHOCOLATE;7885;157;;;;;7887;157;;;;;7886.0;0.0
2;23500;ROSES;14365;57;;;;;14366;25;14367;32;;;14365.5;0.0
2;23500;STRAWBERRIES;4034;272;;;;;4035;100;4036;172;;;4034.5;0.0
2;23600;GIFT_BASKET;70530;1;70529;19;70528;21;70541;1;70542;19;70543;21;70535.5;0.0
2;23600;CHOCOLATE;7885;139;;;;;7887;139;;;;;7886.0;0.0
2;23600;ROSES;14367;52;;;;;14368;21;14369;31;;;14367.5;0.0
2;23600;STRAWBERRIES;4034;187;;;;;4036;190;;;;;4035.0;0.0
2;23700;STRAWBERRIES;4034;260;;;;;4035;93;4036;167;;;4034.5;0.0
2;23700;ROSES;14370;65;;;;;14371;20;14372;45;;;14370.5;0.0
2;23700;CHOCOLATE;7885;134;;;;;7887;134;;;;;7886.0;0.0
2;23700;GIFT_BASKET;70529;2;70527;12;70526;20;70539;2;70540;12;70541;20;70534.0;0.0
2;23800;ROSES;14367;63;;;;;14368;20;14369;43;;;14367.5;0.0
2;23800;STRAWBERRIES;4034;246;;;;;4035;90;4036;156;;;4034.5;0.0
2;23800;GIFT_BASKET;70528;1;70527;16;70526;20;70539;1;70540;16;70541;20;70533.5;0.0
2;23800;CHOCOLATE;7885;46;7884;90;;;7886;46;7887;90;;;7885.5;0.0
2;23900;CHOCOLATE;7885;43;7884;81;;;7886;124;;;;;7885.5;0.0
2;23900;GIFT_BASKET;70527;11;70526;15;;;70539;2;70540;15;70541;15;70533.0;0.0
2;23900;STRAWBERRIES;4034;87;4033;180;;;4035;261;;;;;4034.5;0.0
2;23900;ROSES;14369;59;;;;;14371;59;;;;;14370.0;0.0
2;24000;GIFT_BASKET;70529;1;70524;1;70523;14;70534;1;70535;14;70537;21;70531.5;0.0
2;24000;CHOCOLATE;7885;95;;;;;7887;95;;;;;7886.0;0.0
2;24000;ROSES;14365;21;14364;37;;;14366;58;;;;;14365.5;0.0
2;24000;STRAWBERRIES;4034;173;;;;;4035;59;4036;114;;;4034.5;0.0
2;24100;STRAWBERRIES;4034;187;;;;;4036;187;;;;;4035.0;0.0
2;24100;ROSES;14361;68;;;;;14362;20;14363;48;;;14361.5;0.0
2;24100;CHOCOLATE;7885;60;7884;53;;;7886;60;7887;53;;;7885.5;0.0
2;24100;GIFT_BASKET;70518;19;70517;20;;;70531;19;70532;20;;;70524.5;0.0
2;24200;ROSES;14361;55;;;;;14363;55;;;;;14362.0;0.0
2;24200;STRAWBERRIES;4034;278;;;;;4035;278;;;;;4034.5;0.0
2;24200;GIFT_BASKET;70516;2;70515;14;70514;22;70527;2;70528;14;70529;22;70521.5;0.0
2;24200;CHOCOLATE;7886;142;;;;;7887;55;7888;87;;;7886.5;0.0
2;24300;CHOCOLATE;7885;133;;;;;7887;133;;;;;7886.0;0.0
2;24300;GIFT_BASKET;70520;2;70519;11;70518;21;70531;2;70532;11;70533;21;70525.5;0.0
2;24300;STRAWBERRIES;4034;276;;;;;4035;276;;;;;4034.5;0.0
2;24300;ROSES;14358;21;14357;43;;;14359;64;;;;;14358.5;0.0
2;24400;GIFT_BASKET;70515;2;70514;14;70513;26;70526;2;70527;14;70528;26;70520.5;0.0
2;24400;CHOCOLATE;7885;103;;;;;7886;9;7887;103;;;7885.5;0.0
2;24400;ROSES;14359;65;;;;;14361;65;;;;;14360.0;0.0
2;24400;STRAWBERRIES;4034;57;4033;156;;;4035;213;;;;;4034.5;0.0
2;24500;STRAWBERRIES;4034;40;4033;189;;;4035;239;;;;;4034.5;0.0
2;24500;ROSES;14363;53;;;;;14364;21;14365;32;;;14363.5;0.0
2;24500;CHOCOLATE;7885;62;7884;50;;;7886;62;7887;50;;;7885.5;0.0
2;24500;GIFT_BASKET;70517;20;70516;21;;;70530;20;70531;21;;;70523.5;0.0
2;24600;ROSES;14363;64;;;;;14364;16;14365;48;;;14363.5;0.0
2;24600;STRAWBERRIES;4034;85;4033;173;;;4035;258;;;;;4034.5;0.0
2;24600;GIFT_BASKET;70522;2;70520;16;70519;16;70532;2;70533;16;70535;16;70527.0;0.0
2;24600;CHOCOLATE;7885;135;;;;;7887;135;;;;;7886.0;0.0
2;24700;CHOCOLATE;7884;111;;;;;7886;111;;;;;7885.0;0.0
2;24700;GIFT_BASKET;70517;15;70516;21;;;70530;15;70531;21;;;70523.5;0.0
2;24700;STRAWBERRIES;4034;51;4033;150;;;4035;201;;;;;4034.5;0.0
2;24700;ROSES;14364;67;;;;;14365;21;14366;46;;;14364.5;0.0
2;24800;CHOCOLATE;7884;61;7883;79;;;7885;140;;;;;7884.5;0.0
2;24800;GIFT_BASKET;70516;1;70515;15;70514;27;70527;1;70528;15;70529;27;70521.5;0.0
2;24800;ROSES;14368;69;;;;;14369;27;14370;38;;;14368.5;0.0
2;24800;STRAWBERRIES;4033;264;;;;;4035;264;;;;;4034.0;0.0
2;24900;STRAWBERRIES;4034;272;;;;;4035;272;;;;;4034.5;0.0
2;24900;ROSES;14369;61;;;;;14371;61;;;;;14370.0;0.0
2;24900;CHOCOLATE;7883;123;;;;;7885;123;;;;;7884.0;0.0
2;24900;GIFT_BASKET;70514;5;70510;2;70508;19;70520;2;70521;19;70523;22;70517.0;0.0
2;25000;ROSES;14373;20;14372;39;;;14374;59;;;;;14373.5;0.0
2;25000;STRAWBERRIES;4034;222;;;;;4036;222;;;;;4035.0;0.0
2;25000;CHOCOLATE;7883;63;7882;60;;;7884;63;7885;60;;;7883.5;0.0
2;25000;GIFT_BASKET;70510;2;70509;14;70508;20;70521;2;70522;14;70523;20;70515.5;0.0
2;25100;CHOCOLATE;7883;45;7882;68;;;7884;37;7885;68;;;7883.5;0.0
2;25100;GIFT_BASKET;70511;1;70510;10;70509;19;70522;1;70523;10;70524;19;70516.5;0.0
2;25100;STRAWBERRIES;4035;218;;;;;4036;218;;;;;4035.5;0.0
2;25100;ROSES;14376;67;;;;;14378;67;;;;;14377.0;0.0
2;25200;CHOCOLATE;7884;56;7883;58;;;7885;56;7886;58;;;7884.5;0.0
2;25200;GIFT_BASKET;70522;2;70521;18;70520;15;70533;2;70534;18;70535;15;70527.5;0.0
2;25200;ROSES;14373;50;;;;;14375;50;;;;;14374.0;0.0
2;25200;STRAWBERRIES;4035;203;;;;;4037;193;;;;;4036.0;0.0
2;25300;STRAWBERRIES;4035;195;;;;;4036;187;;;;;4035.5;0.0
2;25300;ROSES;14379;53;;;;;14380;19;14381;34;;;14379.5;0.0
2;25300;CHOCOLATE;7884;57;7883;59;;;7885;116;;;;;7884.5;0.0
2;25300;GIFT_BASKET;70528;16;70527;19;;;70541;16;70542;19;;;70534.5;0.0
2;25400;ROSES;14382;47;;;;;14383;16;14384;31;;;14382.5;0.0
2;25400;STRAWBERRIES;4035;174;;;;;4036;61;4037;113;;;4035.5;0.0
2;25400;CHOCOLATE;7884;65;7883;61;;;7885;126;;;;;7884.5;0.0
2;25400;GIFT_BASKET;70528;2;70527;20;70526;16;70539;2;70540;20;70541;16;70533.5;0.0
2;25500;CHOCOLATE;7885;47;7884;89;;;7886;136;;;;;7885.5;0.0
2;25500;GIFT_BASKET;70533;1;70532;16;70530;29;70543;1;70545;16;70546;29;70538.0;0.0
2;25500;STRAWBERRIES;4035;282;;;;;4036;282;;;;;4035.5;0.0
2;25500;ROSES;14382;73;;;;;14384;73;;;;;14383.0;0.0
2;25600;CHOCOLATE;7882;156;;;;;7884;156;;;;;7883.0;0.0
2;25600;GIFT_BASKET;70524;1;70523;10;70522;18;70529;8;70535;1;70536;10;70526.5;0.0
2;25600;ROSES;14384;64;;;;;14386;64;;;;;14385.0;0.0
2;25600;STRAWBERRIES;4035;286;;;;;4037;286;;;;;4036.0;0.0
2;25700;STRAWBERRIES;4035;213;;;;;4037;213;;;;;4036.0;0.0
2;25700;ROSES;14385;66;;;;;14386;23;14387;43;;;14385.5;0.0
2;25700;CHOCOLATE;7884;104;;;;;7885;49;7886;55;;;7884.5;0.0
2;25700;GIFT_BASKET;70530;1;70529;19;70527;23;70540;1;70542;19;70543;23;70535.0;0.0
2;25800;ROSES;14386;16;14385;40;;;14387;56;;;;;14386.5;0.0
2;25800;STRAWBERRIES;4036;75;4035;159;;;4037;234;;;;;4036.5;0.0
2;25800;CHOCOLATE;7885;118;;;;;7887;118;;;;;7886.0;0.0
2;25800;GIFT_BASKET;70539;12;70538;16;;;70552;12;70553;16;;;70545.5;0.0
2;25900;CHOCOLATE;7885;50;7884;63;;;7886;113;;;;;7885.5;0.0
2;25900;GIFT_BASKET;70545;2;70539;14;70538;23;70552;14;70553;23;;;70548.5;0.0
2;25900;STRAWBERRIES;4036;262;;;;;4037;262;;;;;4036.5;0.0
2;25900;ROSES;14383;73;;;;;14384;23;14385;50;;;14383.5;0.0
2;26000;CHOCOLATE;7886;107;;;;;7888;107;;;;;7887.0;0.0
2;26000;GIFT_BASKET;70550;1;70549;16;70548;24;70561;1;70562;16;70563;24;70555.5;0.0
2;26000;ROSES;14382;73;;;;;14383;73;;;;;14382.5;0.0
2;26000;STRAWBERRIES;4036;226;;;;;4037;226;;;;;4036.5;0.0
2;26100;STRAWBERRIES;4036;246;;;;;4037;92;4038;154;;;4036.5;0.0
2;26100;ROSES;14381;60;;;;;14382;30;14383;30;;;14381.5;0.0
2;26100;CHOCOLATE;7886;136;;;;;7888;136;;;;;7887.0;0.0
2;26100;GIFT_BASKET;70558;1;70557;18;70556;30;70569;1;70570;18;70571;30;70563.5;0.0
2;26200;ROSES;14384;65;;;;;14385;65;;;;;14384.5;0.0
2;26200;STRAWBERRIES;4036;65;4035;107;;;4037;164;;;;;4036.5;0.0
2;26200;CHOCOLATE;7886;96;;;;;7887;39;7888;57;;;7886.5;0.0
2;26200;GIFT_BASKET;70554;2;70553;15;70552;16;70565;2;70566;15;70567;16;70559.5;0.0
2;26300;CHOCOLATE;7886;38;7885;76;;;7887;114;;;;;7886.5;0.0
2;26300;GIFT_BASKET;70548;1;70547;10;70546;23;70553;2;70559;1;70560;10;70550.5;0.0
2;26300;STRAWBERRIES;4035;183;;;;;4036;76;4037;107;;;4035.5;0.0
2;26300;ROSES;14385;73;;;;;14386;73;;;;;14385.5;0.0
2;26400;CHOCOLATE;7885;105;;;;;7886;43;7887;62;;;7885.5;0.0
2;26400;GIFT_BASKET;70540;11;70539;17;;;70552;1;70553;17;70554;17;70546.0;0.0
2;26400;ROSES;14386;58;;;;;14387;58;;;;;14386.5;0.0
2;26400;STRAWBERRIES;4036;62;4035;149;;;4037;211;;;;;4036.5;0.0
2;26500;STRAWBERRIES;4035;174;;;;;4036;63;4037;111;;;4035.5;0.0
2;26500;ROSES;14386;15;14385;32;;;14387;47;;;;;14386.5;0.0
2;26500;CHOCOLATE;7885;121;;;;;7887;121;;;;;7886.0;0.0
2;26500;GIFT_BASKET;70533;2;70532;20;70531;15;70544;2;70545;20;70546;15;70538.5;0.0
2;26600;ROSES;14389;53;;;;;14390;53;;;;;14389.5;0.0
2;26600;STRAWBERRIES;4036;219;;;;;4037;219;;;;;4036.5;0.0
2;26600;CHOCOLATE;7885;106;;;;;7887;106;;;;;7886.0;0.0
2;26600;GIFT_BASKET;70548;1;70547;16;70546;21;70559;1;70560;16;70561;21;70553.5;0.0
2;26700;CHOCOLATE;7883;96;;;;;7885;96;;;;;7884.0;0.0
2;26700;GIFT_BASKET;70524;14;70523;28;;;70537;14;70538;28;;;70530.5;0.0
2;26700;STRAWBERRIES;4036;56;4035;114;;;4037;170;;;;;4036.5;0.0
2;26700;ROSES;14382;66;;;;;14384;66;;;;;14383.0;0.0
2;26800;CHOCOLATE;7883;41;7882;68;;;7884;117;;;;;7883.5;0.0
2;26800;GIFT_BASKET;70521;2;70520;19;70519;30;70532;2;70533;19;70534;30;70526.5;0.0
2;26800;STRAWBERRIES;4036;235;;;;;4038;235;;;;;4037.0;0.0
2;26800;ROSES;14380;73;;;;;14381;30;14382;43;;;14380.5;0.0
2;26900;STRAWBERRIES;4036;189;;;;;4038;197;;;;;4037.0;0.0
2;26900;ROSES;14382;60;;;;;14384;60;;;;;14383.0;0.0
2;26900;GIFT_BASKET;70535;12;70534;24;;;70541;2;70548;12;70549;24;70538.0;0.0
2;26900;CHOCOLATE;7883;89;;;;;7885;89;;;;;7884.0;0.0
2;27000;ROSES;14381;65;;;;;14383;65;;;;;14382.0;0.0
2;27000;STRAWBERRIES;4037;68;4036;183;;;4038;246;;;;;4037.5;0.0
2;27000;GIFT_BASKET;70545;1;70544;11;70543;29;70556;1;70557;11;70558;29;70550.5;0.0
2;27000;CHOCOLATE;7885;42;7884;63;;;7886;105;;;;;7885.5;0.0
2;27100;GIFT_BASKET;70542;1;70540;19;70539;21;70552;1;70553;19;70555;21;70547.0;0.0
2;27100;CHOCOLATE;7885;131;;;;;7887;131;;;;;7886.0;0.0
2;27100;ROSES;14383;59;;;;;14384;21;14385;38;;;14383.5;0.0
2;27100;STRAWBERRIES;4037;90;4036;121;;;4038;211;;;;;4037.5;0.0
2;27200;GIFT_BASKET;70546;2;70545;14;70544;19;70557;2;70558;14;70559;19;70551.5;0.0
2;27200;CHOCOLATE;7887;105;;;;;7889;105;;;;;7888.0;0.0
2;27200;ROSES;14387;57;;;;;14388;19;14389;38;;;14387.5;0.0
2;27200;STRAWBERRIES;4036;209;;;;;4038;209;;;;;4037.0;0.0
2;27300;ROSES;14389;77;;;;;14390;27;14391;50;;;14389.5;0.0
2;27300;STRAWBERRIES;4036;253;;;;;4038;253;;;;;4037.0;0.0
2;27300;GIFT_BASKET;70544;17;70543;27;;;70557;17;70558;27;;;70550.5;0.0
2;27300;CHOCOLATE;7887;59;7886;85;;;7888;59;7889;85;;;7887.5;0.0
2;27400;ROSES;14385;68;;;;;14387;68;;;;;14386.0;0.0
2;27400;STRAWBERRIES;4036;182;;;;;4038;182;;;;;4037.0;0.0
2;27400;GIFT_BASKET;70549;11;70548;21;;;70562;11;70563;21;;;70555.5;0.0
2;27400;CHOCOLATE;7887;125;;;;;7889;125;;;;;7888.0;0.0
2;27500;GIFT_BASKET;70543;10;70542;16;;;70556;10;70557;16;;;70549.5;0.0
2;27500;CHOCOLATE;7887;55;7886;88;;;7888;143;;;;;7887.5;0.0
2;27500;ROSES;14385;16;14384;48;;;14386;64;;;;;14385.5;0.0
2;27500;STRAWBERRIES;4037;76;4036;153;;;4038;241;;;;;4037.5;0.0
2;27600;GIFT_BASKET;70538;15;70537;15;;;70551;15;70552;15;;;70544.5;0.0
2;27600;CHOCOLATE;7886;55;7885;89;;;7887;55;7888;89;;;7886.5;0.0
2;27600;ROSES;14382;15;14381;34;;;14383;49;;;;;14382.5;0.0
2;27600;STRAWBERRIES;4036;260;;;;;4038;260;;;;;4037.0;0.0
2;27700;ROSES;14383;58;;;;;14384;58;;;;;14383.5;0.0
2;27700;STRAWBERRIES;4037;63;4036;109;;;4038;172;;;;;4037.5;0.0
2;27700;GIFT_BASKET;70541;2;70540;20;70539;24;70552;2;70553;20;70554;24;70546.5;0.0
2;27700;CHOCOLATE;7886;47;7885;63;;;7887;110;;;;;7886.5;0.0
2;27800;ROSES;14385;61;;;;;14387;61;;;;;14386.0;0.0
2;27800;STRAWBERRIES;4037;275;;;;;4038;86;4039;189;;;4037.5;0.0
2;27800;GIFT_BASKET;70534;19;70533;26;;;70547;19;70548;26;;;70540.5;0.0
2;27800;CHOCOLATE;7885;38;7884;86;;;7886;38;7887;86;;;7885.5;0.0
2;27900;GIFT_BASKET;70538;18;70537;16;;;70551;18;70552;16;;;70544.5;0.0
2;27900;CHOCOLATE;7884;45;7883;98;;;7885;45;7886;98;;;7884.5;0.0
2;27900;ROSES;14385;53;;;;;14386;53;;;;;14385.5;0.0
2;27900;STRAWBERRIES;4037;288;;;;;4038;98;4039;183;;;4037.5;0.0
2;28000;GIFT_BASKET;70557;2;70556;18;70555;25;70568;2;70569;18;70570;25;70562.5;0.0
2;28000;CHOCOLATE;7886;60;7885;88;;;7887;56;7888;88;;;7886.5;0.0
2;28000;ROSES;14386;62;;;;;14387;25;14388;37;;;14386.5;0.0
2;28000;STRAWBERRIES;4037;261;;;;;4038;88;4039;173;;;4037.5;0.0
2;28100;ROSES;14386;27;14385;31;;;14387;58;;;;;14386.5;0.0
2;28100;GIFT_BASKET;70552;8;70547;1;70546;12;70558;1;70559;12;70560;27;70555.0;0.0
2;28100;CHOCOLATE;7885;94;;;;;7887;94;;;;;7886.0;0.0
2;28100;STRAWBERRIES;4037;172;;;;;4038;172;;;;;4037.5;0.0
2;28200;CHOCOLATE;7886;119;;;;;7887;43;7888;76;;;7886.5;0.0
2;28200;ROSES;14390;54;;;;;14392;54;;;;;14391.0;0.0
2;28200;STRAWBERRIES;4036;279;;;;;4038;267;;;;;4037.0;0.0
2;28200;GIFT_BASKET;70554;1;70553;17;70552;18;70565;1;70566;17;70567;18;70559.5;0.0
2;28300;GIFT_BASKET;70550;15;70549;19;;;70563;15;70564;19;;;70556.5;0.0
2;28300;STRAWBERRIES;4036;222;;;;;4037;74;4038;148;;;4036.5;0.0
2;28300;ROSES;14391;56;;;;;14392;56;;;;;14391.5;0.0
2;28300;CHOCOLATE;7885;44;7884;74;;;7886;44;7887;74;;;7885.5;0.0
2;28400;STRAWBERRIES;4037;8;4036;191;;;4038;191;;;;;4037.5;0.0
2;28400;GIFT_BASKET;70565;1;70564;14;70563;27;70576;1;70577;14;70578;27;70570.5;0.0
2;28400;CHOCOLATE;7887;100;;;;;7889;100;;;;;7888.0;0.0
2;28400;ROSES;14391;63;;;;;14393;63;;;;;14392.0;0.0
2;28500;ROSES;14393;74;;;;;14394;74;;;;;14393.5;0.0
2;28500;CHOCOLATE;7886;92;;;;;7887;37;7888;55;;;7886.5;0.0
2;28500;GIFT_BASKET;70557;1;70556;13;70555;25;70568;1;70569;13;70570;25;70562.5;0.0
2;28500;STRAWBERRIES;4036;187;;;;;4037;187;;;;;4036.5;0.0
2;28600;CHOCOLATE;7886;59;7885;62;;;7887;59;7888;62;;;7886.5;0.0
2;28600;ROSES;14395;62;;;;;14397;62;;;;;14396.0;0.0
2;28600;STRAWBERRIES;4036;62;4035;111;;;4037;173;;;;;4036.5;0.0
2;28600;GIFT_BASKET;70561;14;70560;28;;;70574;14;70575;28;;;70567.5;0.0
2;28700;GIFT_BASKET;70567;1;70566;14;70565;19;70578;1;70579;14;70580;19;70572.5;0.0
2;28700;STRAWBERRIES;4036;97;4035;173;;;4037;270;;;;;4036.5;0.0
2;28700;ROSES;14397;52;;;;;14399;52;;;;;14398.0;0.0
2;28700;CHOCOLATE;7885;60;7884;97;;;7886;60;7887;97;;;7885.5;0.0
2;28800;STRAWBERRIES;4036;193;;;;;4037;193;;;;;4036.5;0.0
2;28800;GIFT_BASKET;70565;18;70564;20;;;70578;18;70579;20;;;70571.5;0.0
2;28800;CHOCOLATE;7885;142;;;;;7886;59;7887;83;;;7885.5;0.0
2;28800;ROSES;14397;57;;;;;14398;20;14399;37;;;14397.5;0.0
2;28900;ROSES;14397;55;;;;;14399;55;;;;;14398.0;0.0
2;28900;CHOCOLATE;7884;137;;;;;7886;137;;;;;7885.0;0.0
2;28900;GIFT_BASKET;70559;1;70558;12;70557;21;70570;1;70571;12;70572;21;70564.5;0.0
2;28900;STRAWBERRIES;4036;81;4035;199;;;4037;280;;;;;4036.5;0.0
2;29000;CHOCOLATE;7884;96;;;;;7886;96;;;;;7885.0;0.0
2;29000;ROSES;14399;22;14398;39;;;14400;61;;;;;14399.5;0.0
2;29000;STRAWBERRIES;4035;233;;;;;4036;52;4037;181;;;4035.5;0.0
2;29000;GIFT_BASKET;70559;14;70558;22;;;70572;14;70573;22;;;70565.5;0.0
2;29100;STRAWBERRIES;4035;217;;;;;4036;60;4037;157;;;4035.5;0.0
2;29100;ROSES;14400;58;;;;;14401;28;14402;30;;;14400.5;0.0
2;29100;CHOCOLATE;7884;61;7883;60;;;7885;121;;;;;7884.5;0.0
2;29100;GIFT_BASKET;70559;11;70558;28;;;70572;11;70573;28;;;70565.5;0.0
2;29200;STRAWBERRIES;4035;81;4034;113;;;4036;194;;;;;4035.5;0.0
2;29200;CHOCOLATE;7883;116;;;;;7884;35;7885;81;;;7883.5;0.0
2;29200;GIFT_BASKET;70552;17;70551;25;;;70565;17;70566;25;;;70558.5;0.0
2;29200;ROSES;14399;70;;;;;14400;25;14401;45;;;14399.5;0.0
2;29300;ROSES;14398;24;14397;42;;;14399;66;;;;;14398.5;0.0
2;29300;CHOCOLATE;7883;51;7882;82;;;7884;41;7885;82;;;7883.5;0.0
2;29300;GIFT_BASKET;70558;2;70557;12;70556;24;70569;2;70570;12;70571;24;70563.5;0.0
2;29300;STRAWBERRIES;4035;270;;;;;4036;270;;;;;4035.5;0.0
2;29400;CHOCOLATE;7885;47;7884;56;;;7886;103;;;;;7885.5;0.0
2;29400;GIFT_BASKET;70565;1;70564;12;70563;30;70576;1;70577;12;70578;30;70570.5;0.0
2;29400;ROSES;14397;67;;;;;14398;67;;;;;14397.5;0.0
2;29400;STRAWBERRIES;4034;255;;;;;4036;255;;;;;4035.0;0.0
2;29500;STRAWBERRIES;4034;249;;;;;4036;249;;;;;4035.0;0.0
2;29500;ROSES;14398;75;;;;;14399;30;14400;45;;;14398.5;0.0
2;29500;CHOCOLATE;7885;42;7884;50;;;7886;92;;;;;7885.5;0.0
2;29500;GIFT_BASKET;70562;11;70561;30;;;70575;11;70576;30;;;70568.5;0.0
2;29600;STRAWBERRIES;4034;253;;;;;4036;253;;;;;4035.0;0.0
2;29600;CHOCOLATE;7886;36;7885;58;;;7887;94;;;;;7886.5;0.0
2;29600;GIFT_BASKET;70567;16;70565;28;;;70580;16;70581;28;;;70573.5;0.0
2;29600;ROSES;14397;66;;;;;14398;66;;;;;14397.5;0.0
2;29700;ROSES;14394;58;;;;;14395;16;14396;42;;;14394.5;0.0
2;29700;CHOCOLATE;7886;151;;;;;7888;151;;;;;7887.0;0.0
2;29700;GIFT_BASKET;70577;2;70576;13;70575;16;70588;2;70589;13;70590;16;70582.5;0.0
2;29700;STRAWBERRIES;4035;103;4034;180;;;4036;273;;;;;4035.5;0.0
2;29800;CHOCOLATE;7887;48;7886;80;;;7888;128;;;;;7887.5;0.0
2;29800;GIFT_BASKET;70568;1;70567;11;70566;28;70579;1;70580;11;70581;28;70573.5;0.0
2;29800;ROSES;14393;70;;;;;14395;70;;;;;14394.0;0.0
2;29800;STRAWBERRIES;4034;273;;;;;4036;273;;;;;4035.0;0.0
2;29900;STRAWBERRIES;4034;208;;;;;4036;208;;;;;4035.0;0.0
2;29900;ROSES;14392;49;;;;;14393;49;;;;;14392.5;0.0
2;29900;CHOCOLATE;7886;110;;;;;7887;57;7888;53;;;7886.5;0.0
2;29900;GIFT_BASKET;70565;18;70564;19;;;70578;18;70579;19;;;70571.5;0.0
2;30000;STRAWBERRIES;4034;204;;;;;4036;204;;;;;4035.0;0.0
2;30000;CHOCOLATE;7886;107;;;;;7888;107;;;;;7887.0;0.0
2;30000;GIFT_BASKET;70575;12;70574;16;;;70588;12;70589;16;;;70581.5;0.0
2;30000;ROSES;14394;16;14393;33;;;14395;49;;;;;14394.5;0.0
2;30100;ROSES;14392;72;;;;;14393;25;14394;47;;;14392.5;0.0
2;30100;CHOCOLATE;7888;155;;;;;7889;64;7890;91;;;7888.5;0.0
2;30100;GIFT_BASKET;70593;16;70592;25;;;70606;16;70607;25;;;70599.5;0.0
2;30100;STRAWBERRIES;4034;288;;;;;4036;288;;;;;4035.0;0.0
2;30200;CHOCOLATE;7890;43;7889;87;;;7891;130;;;;;7890.5;0.0
2;30200;GIFT_BASKET;70604;2;70603;17;70601;30;70609;4;70614;2;70616;17;70606.5;0.0
2;30200;ROSES;14391;61;;;;;14392;30;14393;31;;;14391.5;0.0
2;30200;STRAWBERRIES;4035;87;4034;187;;;4036;274;;;;;4035.5;0.0
2;30300;STRAWBERRIES;4035;93;4034;157;;;4036;250;;;;;4035.5;0.0
2;30300;ROSES;14396;50;;;;;14397;50;;;;;14396.5;0.0
2;30300;CHOCOLATE;7889;47;7888;93;;;7890;140;;;;;7889.5;0.0
2;30300;GIFT_BASKET;70608;10;70607;20;;;70621;10;70622;20;;;70614.5;0.0
2;30400;STRAWBERRIES;4034;204;;;;;4036;204;;;;;4035.0;0.0
2;30400;CHOCOLATE;7891;148;;;;;7892;51;7893;97;;;7891.5;0.0
2;30400;GIFT_BASKET;70624;2;70623;12;70622;28;70635;2;70636;12;70637;28;70629.5;0.0
2;30400;ROSES;14397;73;;;;;14398;28;14399;45;;;14397.5;0.0
2;30500;ROSES;14395;26;14394;41;;;14396;67;;;;;14395.5;0.0
2;30500;CHOCOLATE;7891;55;7890;78;;;7892;133;;;;;7891.5;0.0
2;30500;GIFT_BASKET;70613;1;70612;14;70611;26;70618;1;70624;1;70625;14;70615.5;0.0
2;30500;STRAWBERRIES;4034;179;;;;;4035;179;;;;;4034.5;0.0
2;30600;CHOCOLATE;7890;140;;;;;7892;140;;;;;7891.0;0.0
2;30600;GIFT_BASKET;70610;1;70609;19;70608;20;70621;1;70622;19;70623;20;70615.5;0.0
2;30600;ROSES;14398;69;;;;;14399;69;;;;;14398.5;0.0
2;30600;STRAWBERRIES;4033;254;;;;;4035;254;;;;;4034.0;0.0
2;30700;STRAWBERRIES;4033;239;;;;;4035;239;;;;;4034.0;0.0
2;30700;ROSES;14397;57;;;;;14398;57;;;;;14397.5;0.0
2;30700;CHOCOLATE;7890;57;7889;90;;;7891;147;;;;;7890.5;0.0
2;30700;GIFT_BASKET;70600;12;70599;24;;;70613;12;70615;24;;;70606.5;0.0
2;30800;STRAWBERRIES;4033;88;4032;169;;;4034;257;;;;;4033.5;0.0
2;30800;CHOCOLATE;7890;129;;;;;7891;41;7892;88;;;7890.5;0.0
2;30800;GIFT_BASKET;70602;2;70601;15;70600;30;70613;2;70614;15;70615;30;70607.5;0.0
2;30800;ROSES;14395;67;;;;;14396;67;;;;;14395.5;0.0
2;30900;ROSES;14396;54;;;;;14398;54;;;;;14397.0;0.0
2;30900;CHOCOLATE;7889;126;;;;;7891;126;;;;;7890.0;0.0
2;30900;GIFT_BASKET;70596;1;70595;10;70594;18;70607;1;70608;10;70609;18;70601.5;0.0
2;30900;STRAWBERRIES;4033;222;;;;;4034;222;;;;;4033.5;0.0
2;31000;CHOCOLATE;7888;136;;;;;7890;136;;;;;7889.0;0.0
2;31000;GIFT_BASKET;70597;1;70596;11;70595;30;70608;1;70609;11;70610;30;70602.5;0.0
2;31000;ROSES;14393;80;;;;;14394;80;;;;;14393.5;0.0
2;31000;STRAWBERRIES;4032;271;;;;;4034;280;;;;;4033.0;0.0
2;31100;STRAWBERRIES;4032;248;;;;;4034;248;;;;;4033.0;0.0
2;31100;ROSES;14393;29;14392;36;;;14394;65;;;;;14393.5;0.0
2;31100;CHOCOLATE;7890;58;7889;100;;;7891;58;7892;100;;;7890.5;0.0
2;31100;GIFT_BASKET;70604;2;70603;16;70602;29;70615;2;70616;16;70617;29;70609.5;0.0
2;31200;STRAWBERRIES;4032;230;;;;;4034;230;;;;;4033.0;0.0
2;31200;ROSES;14394;60;;;;;14395;19;14396;41;;;14394.5;0.0
2;31200;CHOCOLATE;7890;115;;;;;7892;115;;;;;7891.0;0.0
2;31200;GIFT_BASKET;70599;11;70598;19;;;70612;11;70613;19;;;70605.5;0.0
2;31300;CHOCOLATE;7890;116;;;;;7891;59;7892;57;;;7890.5;0.0
2;31300;GIFT_BASKET;70598;13;70597;19;;;70611;13;70612;19;;;70604.5;0.0
2;31300;STRAWBERRIES;4032;240;;;;;4034;240;;;;;4033.0;0.0
2;31300;ROSES;14396;62;;;;;14397;62;;;;;14396.5;0.0
2;31400;GIFT_BASKET;70597;1;70596;16;70595;19;70608;1;70609;16;70610;19;70602.5;0.0
2;31400;CHOCOLATE;7890;110;;;;;7892;110;;;;;7891.0;0.0
2;31400;ROSES;14395;19;14394;38;;;14396;57;;;;;14395.5;0.0
2;31400;STRAWBERRIES;4032;202;;;;;4033;72;4034;120;;;4032.5;0.0
2;31500;ROSES;14393;72;;;;;14395;72;;;;;14394.0;0.0
2;31500;STRAWBERRIES;4032;231;;;;;4033;60;4034;171;;;4032.5;0.0
2;31500;GIFT_BASKET;70585;1;70584;12;70583;27;70596;1;70597;12;70598;27;70590.5;0.0
2;31500;CHOCOLATE;7890;103;;;;;7892;103;;;;;7891.0;0.0
2;31600;ROSES;14393;54;;;;;14394;21;14395;33;;;14393.5;0.0
2;31600;STRAWBERRIES;4032;71;4031;116;;;4033;187;;;;;4032.5;0.0
2;31600;GIFT_BASKET;70575;10;70574;21;;;70588;10;70590;21;;;70581.5;0.0
2;31600;CHOCOLATE;7889;48;7888;71;;;7890;48;7891;71;;;7889.5;0.0
2;31700;GIFT_BASKET;70589;17;70588;30;;;70602;17;70603;30;;;70595.5;0.0
2;31700;CHOCOLATE;7890;130;;;;;7892;130;;;;;7891.0;0.0
2;31700;ROSES;14396;69;;;;;14397;30;14398;39;;;14396.5;0.0
2;31700;STRAWBERRIES;4032;250;;;;;4033;78;4034;172;;;4032.5;0.0
2;31800;GIFT_BASKET;70573;1;70572;16;70571;20;70584;1;70585;16;70586;20;70578.5;0.0
2;31800;CHOCOLATE;7889;151;;;;;7891;151;;;;;7890.0;0.0
2;31800;ROSES;14392;20;14391;44;;;14393;64;;;;;14392.5;0.0
2;31800;STRAWBERRIES;4032;259;;;;;4033;92;4034;167;;;4032.5;0.0
2;31900;ROSES;14394;21;14393;46;;;14395;67;;;;;14394.5;0.0
2;31900;STRAWBERRIES;4032;250;;;;;4033;80;4034;170;;;4032.5;0.0
2;31900;GIFT_BASKET;70570;20;70569;21;;;70583;20;70584;21;;;70576.5;0.0
2;31900;CHOCOLATE;7888;40;7887;80;;;7889;40;7890;80;;;7888.5;0.0
2;32000;ROSES;14394;66;;;;;14396;66;;;;;14395.0;0.0
2;32000;STRAWBERRIES;4032;188;;;;;4033;188;;;;;4032.5;0.0
2;32000;GIFT_BASKET;70570;2;70569;18;70568;20;70581;2;70582;18;70583;20;70575.5;0.0
2;32000;CHOCOLATE;7888;122;;;;;7889;43;7890;79;;;7888.5;0.0
2;32100;GIFT_BASKET;70584;15;70583;16;;;70597;15;70598;16;;;70590.5;0.0
2;32100;CHOCOLATE;7891;149;;;;;7893;149;;;;;7892.0;0.0
2;32100;ROSES;14398;60;;;;;14399;60;;;;;14398.5;0.0
2;32100;STRAWBERRIES;4032;263;;;;;4034;263;;;;;4033.0;0.0
2;32200;GIFT_BASKET;70584;2;70583;17;70582;17;70595;2;70596;17;70597;17;70589.5;0.0
2;32200;CHOCOLATE;7892;118;;;;;7893;44;7894;74;;;7892.5;0.0
2;32200;ROSES;14395;52;;;;;14396;17;14397;35;;;14395.5;0.0
2;32200;STRAWBERRIES;4032;261;;;;;4034;261;;;;;4033.0;0.0
2;32300;ROSES;14398;52;;;;;14399;18;14400;34;;;14398.5;0.0
2;32300;STRAWBERRIES;4032;88;4031;148;;;4033;236;;;;;4032.5;0.0
2;32300;GIFT_BASKET;70579;2;70577;19;70576;18;70589;2;70590;19;70592;18;70584.0;0.0
2;32300;CHOCOLATE;7892;142;;;;;7893;54;7894;88;;;7892.5;0.0
2;32400;ROSES;14396;63;;;;;14397;63;;;;;14396.5;0.0
2;32400;STRAWBERRIES;4031;261;;;;;4033;261;;;;;4032.0;0.0
2;32400;GIFT_BASKET;70563;1;70562;17;70561;25;70574;1;70575;17;70576;25;70568.5;0.0
2;32400;CHOCOLATE;7892;43;7891;73;;;7893;43;7894;73;;;7892.5;0.0
2;32500;GIFT_BASKET;70563;2;70562;10;70561;27;70574;2;70575;10;70576;27;70568.5;0.0
2;32500;CHOCOLATE;7892;144;;;;;7893;49;7894;95;;;7892.5;0.0
2;32500;STRAWBERRIES;4031;216;;;;;4033;216;;;;;4032.0;0.0
2;32500;ROSES;14397;27;14396;34;;;14398;61;;;;;14397.5;0.0
2;32600;GIFT_BASKET;70571;20;70570;26;;;70584;20;70585;26;;;70577.5;0.0
2;32600;CHOCOLATE;7892;52;7891;65;;;7893;61;7894;65;;;7892.5;0.0
2;32600;ROSES;14396;26;14395;49;;;14397;75;;;;;14396.5;0.0
2;32600;STRAWBERRIES;4032;187;;;;;4033;187;;;;;4032.5;0.0
2;32700;STRAWBERRIES;4032;277;;;;;4033;277;;;;;4032.5;0.0
2;32700;ROSES;14389;68;;;;;14391;68;;;;;14390.0;0.0
2;32700;CHOCOLATE;7892;55;7891;89;;;7893;55;7894;89;;;7892.5;0.0
2;32700;GIFT_BASKET;70580;3;70569;1;70568;17;70581;17;70582;27;;;70580.5;0.0
2;32800;ROSES;14389;59;;;;;14390;23;14391;36;;;14389.5;0.0
2;32800;STRAWBERRIES;4032;73;4031;121;;;4033;194;;;;;4032.5;0.0
2;32800;GIFT_BASKET;70564;19;70563;23;;;70577;19;70578;23;;;70570.5;0.0
2;32800;CHOCOLATE;7893;124;;;;;7895;124;;;;;7894.0;0.0
2;32900;CHOCOLATE;7895;49;7894;82;;;7896;131;;;;;7895.5;0.0
2;32900;GIFT_BASKET;70575;13;70574;24;;;70588;13;70589;24;;;70581.5;0.0
2;32900;STRAWBERRIES;4032;261;;;;;4033;261;;;;;4032.5;0.0
2;32900;ROSES;14390;61;;;;;14391;24;14392;37;;;14390.5;0.0
2;33000;GIFT_BASKET;70572;11;70571;25;;;70585;11;70586;25;;;70578.5;0.0
2;33000;CHOCOLATE;7894;56;7893;53;;;7895;56;7896;53;;;7894.5;0.0
2;33000;ROSES;14392;62;;;;;14394;62;;;;;14393.0;0.0
2;33000;STRAWBERRIES;4032;58;4031;196;;;4033;249;;;;;4032.5;0.0
2;33100;STRAWBERRIES;4032;251;;;;;4034;251;;;;;4033.0;0.0
2;33100;ROSES;14391;22;14390;31;;;14392;53;;;;;14391.5;0.0
2;33100;CHOCOLATE;7894;44;7893;95;;;7895;44;7896;95;;;7894.5;0.0
2;33100;GIFT_BASKET;70574;13;70573;22;;;70587;13;70588;22;;;70580.5;0.0
2;33200;ROSES;14388;13;14387;38;;;14389;57;;;;;14388.5;0.0
2;33200;STRAWBERRIES;4033;99;4032;135;;;4034;234;;;;;4033.5;0.0
2;33200;GIFT_BASKET;70583;11;70582;19;;;70596;11;70597;19;;;70589.5;0.0
2;33200;CHOCOLATE;7894;38;7893;99;;;7895;146;;;;;7894.5;0.0
2;33300;CHOCOLATE;7893;50;7892;74;;;7894;124;;;;;7893.5;0.0
2;33300;GIFT_BASKET;70579;13;70578;28;;;70592;13;70593;28;;;70585.5;0.0
2;33300;STRAWBERRIES;4032;180;;;;;4033;180;;;;;4032.5;0.0
2;33300;ROSES;14390;28;14389;47;;;14391;75;;;;;14390.5;0.0
2;33400;GIFT_BASKET;70573;1;70572;12;70571;15;70584;1;70585;12;70586;15;70578.5;0.0
2;33400;CHOCOLATE;7891;161;;;;;7893;161;;;;;7892.0;0.0
2;33400;ROSES;14389;15;14388;43;;;14390;58;;;;;14389.5;0.0
2;33400;STRAWBERRIES;4032;241;;;;;4034;241;;;;;4033.0;0.0
2;33500;STRAWBERRIES;4032;189;;;;;4034;189;;;;;4033.0;0.0
2;33500;ROSES;14391;55;;;;;14393;55;;;;;14392.0;0.0
2;33500;CHOCOLATE;7892;95;;;;;7894;95;;;;;7893.0;0.0
2;33500;GIFT_BASKET;70585;1;70584;17;70583;19;70596;1;70597;17;70598;19;70590.5;0.0
2;33600;ROSES;14395;71;;;;;14396;71;;;;;14395.5;0.0
2;33600;STRAWBERRIES;4032;227;;;;;4034;227;;;;;4033.0;0.0
2;33600;CHOCOLATE;7891;132;;;;;7893;132;;;;;7892.0;0.0
2;33600;GIFT_BASKET;70589;2;70588;19;70587;22;70600;2;70601;19;70602;22;70594.5;0.0
2;33700;CHOCOLATE;7892;111;;;;;7893;50;7894;56;;;7892.5;0.0
2;33700;GIFT_BASKET;70584;2;70583;17;70582;26;70595;2;70596;17;70597;26;70589.5;0.0
2;33700;STRAWBERRIES;4032;207;;;;;4034;207;;;;;4033.0;0.0
2;33700;ROSES;14394;56;;;;;14396;56;;;;;14395.0;0.0
2;33800;CHOCOLATE;7892;117;;;;;7894;117;;;;;7893.0;0.0
2;33800;GIFT_BASKET;70583;1;70582;11;70580;28;70593;1;70595;11;70596;28;70588.0;0.0
2;33800;ROSES;14394;74;;;;;14395;74;;;;;14394.5;0.0
2;33800;STRAWBERRIES;4032;219;;;;;4033;219;;;;;4032.5;0.0
2;33900;STRAWBERRIES;4032;55;4031;148;;;4033;203;;;;;4032.5;0.0
2;33900;ROSES;14392;61;;;;;14393;21;14394;34;;;14392.5;0.0
2;33900;CHOCOLATE;7892;40;7891;55;;;7893;95;;;;;7892.5;0.0
2;33900;GIFT_BASKET;70579;19;70578;21;;;70592;19;70593;21;;;70585.5;0.0
2;34000;ROSES;14387;49;;;;;14388;49;;;;;14387.5;0.0
2;34000;STRAWBERRIES;4031;266;;;;;4033;266;;;;;4032.0;0.0
2;34000;CHOCOLATE;7891;127;;;;;7893;127;;;;;7892.0;0.0
2;34000;GIFT_BASKET;70574;2;70573;17;70572;17;70585;2;70586;17;70587;17;70579.5;0.0
2;34100;CHOCOLATE;7891;128;;;;;7892;48;7893;80;;;7891.5;0.0
2;34100;GIFT_BASKET;70568;15;70567;25;;;70581;15;70582;25;;;70574.5;0.0
2;34100;STRAWBERRIES;4032;80;4031;151;;;4033;231;;;;;4032.5;0.0
2;34100;ROSES;14387;59;;;;;14388;59;;;;;14387.5;0.0
2;34200;CHOCOLATE;7891;50;7890;64;;;7892;50;7893;64;;;7891.5;0.0
2;34200;GIFT_BASKET;70560;1;70559;18;70558;20;70571;1;70572;18;70573;20;70565.5;0.0
2;34200;ROSES;14389;62;;;;;14390;62;;;;;14389.5;0.0
2;34200;STRAWBERRIES;4031;257;;;;;4033;257;;;;;4032.0;0.0
2;34300;STRAWBERRIES;4032;70;4031;182;;;4033;252;;;;;4032.5;0.0
2;34300;ROSES;14392;21;14391;37;;;14393;58;;;;;14392.5;0.0
2;34300;CHOCOLATE;7890;106;;;;;7892;106;;;;;7891.0;0.0
2;34300;GIFT_BASKET;70573;10;70572;21;;;70586;10;70587;21;;;70579.5;0.0
2;34400;ROSES;14391;64;;;;;14393;64;;;;;14392.0;0.0
2;34400;STRAWBERRIES;4032;213;;;;;4034;213;;;;;4033.0;0.0
2;34400;CHOCOLATE;7891;154;;;;;7893;154;;;;;7892.0;0.0
2;34400;GIFT_BASKET;70585;1;70584;13;70583;17;70596;1;70597;13;70598;17;70590.5;0.0
2;34500;CHOCOLATE;7893;132;;;;;7895;132;;;;;7894.0;0.0
2;34500;GIFT_BASKET;70610;8;70598;19;70597;22;70611;19;70612;22;;;70610.5;0.0
2;34500;STRAWBERRIES;4032;242;;;;;4034;242;;;;;4033.0;0.0
2;34500;ROSES;14396;60;;;;;14398;60;;;;;14397.0;0.0
2;34600;CHOCOLATE;7892;127;;;;;7893;55;7894;72;;;7892.5;0.0
2;34600;GIFT_BASKET;70594;2;70589;2;70588;18;70600;2;70601;18;70602;30;70597.0;0.0
2;34600;ROSES;14395;62;;;;;14396;62;;;;;14395.5;0.0
2;34600;STRAWBERRIES;4032;227;;;;;4034;217;;;;;4033.0;0.0
2;34700;STRAWBERRIES;4033;285;;;;;4035;274;;;;;4034.0;0.0
2;34700;ROSES;14395;50;;;;;14396;50;;;;;14395.5;0.0
2;34700;CHOCOLATE;7890;151;;;;;7892;151;;;;;7891.0;0.0
2;34700;GIFT_BASKET;70592;20;70591;18;;;70605;20;70606;18;;;70598.5;0.0
2;34800;ROSES;14393;65;;;;;14395;65;;;;;14394.0;0.0
2;34800;STRAWBERRIES;4033;294;;;;;4034;94;4035;200;;;4033.5;0.0
2;34800;CHOCOLATE;7890;48;7889;94;;;7891;142;;;;;7890.5;0.0
2;34800;GIFT_BASKET;70591;10;70590;19;;;70604;10;70605;19;;;70597.5;0.0
2;34900;CHOCOLATE;7888;143;;;;;7889;43;7890;100;;;7888.5;0.0
2;34900;GIFT_BASKET;70588;14;70587;26;;;70601;14;70602;26;;;70594.5;0.0
2;34900;STRAWBERRIES;4033;202;;;;;4034;202;;;;;4033.5;0.0
2;34900;ROSES;14392;75;;;;;14394;75;;;;;14393.0;0.0
2;35000;CHOCOLATE;7887;62;7886;75;;;7888;62;7889;75;;;7887.5;0.0
2;35000;GIFT_BASKET;70577;10;70576;15;;;70590;10;70591;15;;;70583.5;0.0
2;35000;ROSES;14392;15;14391;45;;;14393;60;;;;;14392.5;0.0
2;35000;STRAWBERRIES;4033;252;;;;;4034;252;;;;;4033.5;0.0
2;35100;STRAWBERRIES;4033;64;4032;179;;;4034;243;;;;;4033.5;0.0
2;35100;ROSES;14390;67;;;;;14391;67;;;;;14390.5;0.0
2;35100;CHOCOLATE;7886;104;;;;;7888;104;;;;;7887.0;0.0
2;35100;GIFT_BASKET;70578;16;70577;27;;;70591;16;70592;27;;;70584.5;0.0
2;35200;ROSES;14389;59;;;;;14390;59;;;;;14389.5;0.0
2;35200;STRAWBERRIES;4033;86;4032;154;;;4034;240;;;;;4033.5;0.0
2;35200;CHOCOLATE;7886;40;7885;86;;;7887;126;;;;;7886.5;0.0
2;35200;GIFT_BASKET;70583;1;70582;11;70581;26;70594;1;70595;11;70596;26;70588.5;0.0
2;35300;CHOCOLATE;7887;122;;;;;7889;122;;;;;7888.0;0.0
2;35300;GIFT_BASKET;70597;1;70596;20;70595;15;70608;1;70609;20;70610;15;70602.5;0.0
2;35300;STRAWBERRIES;4033;245;;;;;4035;245;;;;;4034.0;0.0
2;35300;ROSES;14390;15;14389;43;;;14391;58;;;;;14390.5;0.0
2;35400;CHOCOLATE;7888;53;7887;77;;;7889;53;7890;77;;;7888.5;0.0
2;35400;GIFT_BASKET;70597;6;70591;11;70590;24;70604;11;70605;24;;;70600.5;0.0
2;35400;ROSES;14390;56;;;;;14391;56;;;;;14390.5;0.0
2;35400;STRAWBERRIES;4034;77;4033;135;;;4035;212;;;;;4034.5;0.0
2;35500;STRAWBERRIES;4034;72;4033;179;;;4035;251;;;;;4034.5;0.0
2;35500;ROSES;14387;64;;;;;14389;64;;;;;14388.0;0.0
2;35500;CHOCOLATE;7888;112;;;;;7890;112;;;;;7889.0;0.0
2;35500;GIFT_BASKET;70598;1;70596;13;70595;17;70608;1;70609;13;70611;17;70603.0;0.0
2;35600;ROSES;14389;16;14388;33;;;14390;49;;;;;14389.5;0.0
2;35600;STRAWBERRIES;4034;88;4033;144;;;4035;232;;;;;4034.5;0.0
2;35600;CHOCOLATE;7887;36;7886;88;;;7888;36;7889;88;;;7887.5;0.0
2;35600;GIFT_BASKET;70579;14;70578;16;;;70592;14;70593;16;;;70585.5;0.0
2;35700;CHOCOLATE;7887;135;;;;;7889;135;;;;;7888.0;0.0
2;35700;GIFT_BASKET;70569;17;70568;16;;;70582;17;70583;16;;;70575.5;0.0
2;35700;STRAWBERRIES;4033;292;;;;;4035;292;;;;;4034.0;0.0
2;35700;ROSES;14386;60;;;;;14388;60;;;;;14387.0;0.0
2;35800;GIFT_BASKET;70574;19;70573;27;;;70587;19;70588;27;;;70580.5;0.0
2;35800;CHOCOLATE;7888;47;7887;81;;;7889;128;;;;;7888.5;0.0
2;35800;STRAWBERRIES;4034;189;;;;;4036;192;;;;;4035.0;0.0
2;35800;ROSES;14388;27;14387;45;;;14389;72;;;;;14388.5;0.0
2;35900;ROSES;14388;55;;;;;14389;55;;;;;14388.5;0.0
2;35900;STRAWBERRIES;4034;223;;;;;4035;64;4036;159;;;4034.5;0.0
2;35900;GIFT_BASKET;70579;11;70578;23;;;70592;11;70593;23;;;70585.5;0.0
2;35900;CHOCOLATE;7889;50;7888;64;;;7890;50;7891;64;;;7889.5;0.0
2;36000;ROSES;14383;70;;;;;14384;70;;;;;14383.5;0.0
2;36000;STRAWBERRIES;4034;271;;;;;4035;3;4036;271;;;4034.5;0.0
2;36000;GIFT_BASKET;70567;13;70566;26;;;70580;13;70581;26;;;70573.5;0.0
2;36000;CHOCOLATE;7889;52;7888;76;;;7890;128;;;;;7889.5;0.0
2;36100;GIFT_BASKET;70576;1;70575;15;70574;16;70581;5;70587;1;70588;15;70578.5;0.0
2;36100;CHOCOLATE;7889;126;;;;;7891;126;;;;;7890.0;0.0
2;36100;ROSES;14380;62;;;;;14382;62;;;;;14381.0;0.0
2;36100;STRAWBERRIES;4034;179;;;;;4036;179;;;;;4035.0;0.0
2;36200;GIFT_BASKET;70593;1;70592;17;70591;20;70604;1;70605;17;70606;20;70598.5;0.0
2;36200;CHOCOLATE;7891;52;7890;79;;;7892;52;7893;79;;;7891.5;0.0
2;36200;ROSES;14383;69;;;;;14384;69;;;;;14383.5;0.0
2;36200;STRAWBERRIES;4034;209;;;;;4035;79;4036;130;;;4034.5;0.0
2;36300;ROSES;14381;68;;;;;14382;28;14383;40;;;14381.5;0.0
2;36300;STRAWBERRIES;4034;56;4033;198;;;4035;254;;;;;4034.5;0.0
2;36300;GIFT_BASKET;70583;1;70582;11;70581;28;70588;2;70594;1;70595;11;70585.5;0.0
2;36300;CHOCOLATE;7891;51;7890;56;;;7892;107;;;;;7891.5;0.0
2;36400;ROSES;14379;59;;;;;14381;59;;;;;14380.0;0.0
2;36400;STRAWBERRIES;4034;203;;;;;4036;194;;;;;4035.0;0.0
2;36400;GIFT_BASKET;70603;2;70598;1;70597;13;70609;1;70610;13;70611;15;70606.0;0.0
2;36400;CHOCOLATE;7891;108;;;;;7893;108;;;;;7892.0;0.0
2;36500;GIFT_BASKET;70598;1;70597;20;70596;28;70609;1;70610;20;70611;28;70603.5;0.0
2;36500;CHOCOLATE;7890;55;7889;97;;;7891;146;;;;;7890.5;0.0
2;36500;ROSES;14378;65;;;;;14380;65;;;;;14379.0;0.0
2;36500;STRAWBERRIES;4034;206;;;;;4035;97;4036;109;;;4034.5;0.0
2;36600;GIFT_BASKET;70598;1;70597;17;70596;23;70609;1;70610;17;70611;23;70603.5;0.0
2;36600;CHOCOLATE;7890;55;7889;81;;;7891;136;;;;;7890.5;0.0
2;36600;ROSES;14379;23;14378;30;;;14380;53;;;;;14379.5;0.0
2;36600;STRAWBERRIES;4034;247;;;;;4036;247;;;;;4035.0;0.0
2;36700;ROSES;14380;70;;;;;14381;27;14382;43;;;14380.5;0.0
2;36700;STRAWBERRIES;4035;82;4034;102;;;4036;173;;;;;4035.5;0.0
2;36700;GIFT_BASKET;70587;13;70586;27;;;70600;13;70601;27;;;70593.5;0.0
2;36700;CHOCOLATE;7889;136;;;;;7891;136;;;;;7890.0;0.0
2;36800;ROSES;14379;61;;;;;14381;61;;;;;14380.0;0.0
2;36800;STRAWBERRIES;4035;240;;;;;4036;240;;;;;4035.5;0.0
2;36800;GIFT_BASKET;70586;2;70585;12;70584;26;70597;2;70598;12;70599;26;70591.5;0.0
2;36800;CHOCOLATE;7889;144;;;;;7890;49;7891;95;;;7889.5;0.0
2;36900;GIFT_BASKET;70581;2;70580;17;70579;19;70592;2;70593;17;70594;19;70586.5;0.0
2;36900;CHOCOLATE;7890;110;;;;;7891;57;7892;53;;;7890.5;0.0
2;36900;ROSES;14384;63;;;;;14385;63;;;;;14384.5;0.0
2;36900;STRAWBERRIES;4035;53;4034;169;;;4036;222;;;;;4035.5;0.0
2;37000;STRAWBERRIES;4035;89;4034;157;;;4036;246;;;;;4035.5;0.0
2;37000;GIFT_BASKET;70565;19;70564;20;;;70578;19;70579;20;;;70571.5;0.0
2;37000;CHOCOLATE;7888;143;;;;;7889;54;7890;89;;;7888.5;0.0
2;37000;ROSES;14382;53;;;;;14384;53;;;;;14383.0;0.0
2;37100;ROSES;14381;66;;;;;14383;66;;;;;14382.0;0.0
2;37100;CHOCOLATE;7888;128;;;;;7890;128;;;;;7889.0;0.0
2;37100;GIFT_BASKET;70558;2;70557;14;70556;16;70569;2;70570;14;70571;16;70563.5;0.0
2;37100;STRAWBERRIES;4035;68;4034;183;;;4036;251;;;;;4035.5;0.0
2;37200;CHOCOLATE;7889;52;7888;70;;;7890;122;;;;;7889.5;0.0
2;37200;ROSES;14381;76;;;;;14382;76;;;;;14381.5;0.0
2;37200;STRAWBERRIES;4035;218;;;;;4036;70;4037;148;;;4035.5;0.0
2;37200;GIFT_BASKET;70566;12;70565;30;;;70579;12;70580;30;;;70572.5;0.0
2;37300;GIFT_BASKET;70577;14;70575;22;;;70590;14;70591;22;;;70583.5;0.0
2;37300;STRAWBERRIES;4035;233;;;;;4036;81;4037;161;;;4035.5;0.0
2;37300;ROSES;14381;62;;;;;14383;62;;;;;14382.0;0.0
2;37300;CHOCOLATE;7889;124;;;;;7890;43;7891;81;;;7889.5;0.0
2;37400;STRAWBERRIES;4035;266;;;;;4037;266;;;;;4036.0;0.0
2;37400;GIFT_BASKET;70595;2;70594;12;70593;19;70606;2;70607;12;70608;19;70600.5;0.0
2;37400;CHOCOLATE;7890;127;;;;;7891;7;7892;127;;;7890.5;0.0
2;37400;ROSES;14385;58;;;;;14386;19;14387;39;;;14385.5;0.0
2;37500;ROSES;14391;79;;;;;14392;30;14393;49;;;14391.5;0.0
2;37500;CHOCOLATE;7888;120;;;;;7890;120;;;;;7889.0;0.0
2;37500;GIFT_BASKET;70590;2;70589;17;70588;30;70601;2;70602;17;70603;30;70595.5;0.0
2;37500;STRAWBERRIES;4035;278;;;;;4037;278;;;;;4036.0;0.0
2;37600;CHOCOLATE;7888;121;;;;;7890;121;;;;;7889.0;0.0
2;37600;ROSES;14390;64;;;;;14392;64;;;;;14391.0;0.0
2;37600;STRAWBERRIES;4036;267;;;;;4037;267;;;;;4036.5;0.0
2;37600;GIFT_BASKET;70592;1;70591;19;70590;27;70603;1;70604;19;70605;27;70597.5;0.0
2;37700;GIFT_BASKET;70585;1;70584;13;70583;27;70596;1;70597;13;70598;27;70590.5;0.0
2;37700;STRAWBERRIES;4036;62;4035;163;;;4037;225;;;;;4036.5;0.0
2;37700;ROSES;14390;73;;;;;14391;73;;;;;14390.5;0.0
2;37700;CHOCOLATE;7887;100;;;;;7889;100;;;;;7888.0;0.0
2;37800;STRAWBERRIES;4035;198;;;;;4036;4;4037;198;;;4035.5;0.0
2;37800;GIFT_BASKET;70596;1;70595;16;70594;28;70606;1;70608;16;70609;28;70601.0;0.0
2;37800;CHOCOLATE;7888;53;7887;57;;;7889;110;;;;;7888.5;0.0
2;37800;ROSES;14392;28;14391;48;;;14393;76;;;;;14392.5;0.0
2;37900;ROSES;14391;66;;;;;14393;66;;;;;14392.0;0.0
2;37900;CHOCOLATE;7887;62;7886;86;;;7888;62;7889;86;;;7887.5;0.0
2;37900;GIFT_BASKET;70592;2;70591;20;70590;16;70603;2;70604;20;70605;16;70597.5;0.0
2;37900;STRAWBERRIES;4035;196;;;;;4037;196;;;;;4036.0;0.0
2;38000;CHOCOLATE;7888;114;;;;;7890;114;;;;;7889.0;0.0
2;38000;GIFT_BASKET;70594;1;70593;14;70592;15;70605;1;70606;14;70607;15;70599.5;0.0
2;38000;ROSES;14394;15;14393;41;;;14395;56;;;;;14394.5;0.0
2;38000;STRAWBERRIES;4035;210;;;;;4036;210;;;;;4035.5;0.0
2;38100;STRAWBERRIES;4034;156;;;;;4036;156;;;;;4035.0;0.0
2;38100;ROSES;14391;60;;;;;14392;60;;;;;14391.5;0.0
2;38100;CHOCOLATE;7888;54;7887;51;;;7889;54;7890;51;;;7888.5;0.0
2;38100;GIFT_BASKET;70586;20;70585;23;;;70599;20;70600;23;;;70592.5;0.0
2;38200;STRAWBERRIES;4035;218;;;;;4036;218;;;;;4035.5;0.0
2;38200;CHOCOLATE;7887;56;7886;61;;;7888;117;;;;;7887.5;0.0
2;38200;GIFT_BASKET;70590;1;70589;16;70588;22;70601;1;70602;16;70603;22;70595.5;0.0
2;38200;ROSES;14393;63;;;;;14394;22;14395;41;;;14393.5;0.0
2;38300;ROSES;14387;62;;;;;14389;62;;;;;14388.0;0.0
2;38300;CHOCOLATE;7887;95;;;;;7889;95;;;;;7888.0;0.0
2;38300;GIFT_BASKET;70582;18;70581;30;;;70595;18;70596;30;;;70588.5;0.0
2;38300;STRAWBERRIES;4035;54;4034;144;;;4036;198;;;;;4035.5;0.0
2;38400;CHOCOLATE;7887;117;;;;;7889;117;;;;;7888.0;0.0
2;38400;GIFT_BASKET;70582;2;70581;14;70580;15;70593;2;70594;14;70595;15;70587.5;0.0
2;38400;ROSES;14389;47;;;;;14390;47;;;;;14389.5;0.0
2;38400;STRAWBERRIES;4035;197;;;;;4036;197;;;;;4035.5;0.0
2;38500;STRAWBERRIES;4035;290;;;;;4036;93;4037;197;;;4035.5;0.0
2;38500;ROSES;14391;28;14390;34;;;14392;62;;;;;14391.5;0.0
2;38500;CHOCOLATE;7887;128;;;;;7889;128;;;;;7888.0;0.0
2;38500;GIFT_BASKET;70588;16;70586;28;;;70601;16;70602;28;;;70594.5;0.0
2;38600;STRAWBERRIES;4036;58;4035;145;;;4037;203;;;;;4036.5;0.0
2;38600;CHOCOLATE;7887;44;7886;58;;;7888;44;7889;58;;;7887.5;0.0
2;38600;GIFT_BASKET;70600;2;70595;2;70594;12;70606;2;70607;12;70608;19;70603.0;0.0
2;38600;ROSES;14397;69;;;;;14398;19;14399;50;;;14397.5;0.0
2;38700;ROSES;14395;65;;;;;14396;65;;;;;14395.5;0.0
2;38700;CHOCOLATE;7887;87;;;;;7888;36;7889;51;;;7887.5;0.0
2;38700;GIFT_BASKET;70590;1;70589;15;70588;17;70601;1;70602;15;70603;17;70595.5;0.0
2;38700;STRAWBERRIES;4036;237;;;;;4038;237;;;;;4037.0;0.0
2;38800;CHOCOLATE;7887;55;7886;64;;;7888;119;;;;;7887.5;0.0
2;38800;GIFT_BASKET;70591;19;70590;22;;;70604;19;70605;22;;;70597.5;0.0
2;38800;ROSES;14397;22;14396;38;;;14398;60;;;;;14397.5;0.0
2;38800;STRAWBERRIES;4036;172;;;;;4038;172;;;;;4037.0;0.0
2;38900;STRAWBERRIES;4036;250;;;;;4037;250;;;;;4036.5;0.0
2;38900;ROSES;14398;62;;;;;14400;62;;;;;14399.0;0.0
2;38900;CHOCOLATE;7889;95;;;;;7890;39;7891;56;;;7889.5;0.0
2;38900;GIFT_BASKET;70602;2;70601;16;70600;15;70607;1;70613;2;70614;16;70604.5;0.0
2;39000;STRAWBERRIES;4036;256;;;;;4037;78;4038;170;;;4036.5;0.0
2;39000;CHOCOLATE;7888;128;;;;;7889;50;7890;78;;;7888.5;0.0
2;39000;GIFT_BASKET;70586;10;70585;26;;;70599;10;70600;26;;;70592.5;0.0
2;39000;ROSES;14396;69;;;;;14397;69;;;;;14396.5;0.0
2;39100;ROSES;14397;25;14396;32;;;14398;57;;;;;14397.5;0.0
2;39100;CHOCOLATE;7889;130;;;;;7891;130;;;;;7890.0;0.0
2;39100;GIFT_BASKET;70595;2;70594;10;70593;25;70606;2;70607;10;70608;25;70600.5;0.0
2;39100;STRAWBERRIES;4035;213;;;;;4037;213;;;;;4036.0;0.0
2;39200;CHOCOLATE;7889;134;;;;;7890;36;7891;98;;;7889.5;0.0
2;39200;GIFT_BASKET;70589;2;70588;14;70587;29;70600;2;70601;14;70602;29;70594.5;0.0
2;39200;ROSES;14394;61;;;;;14396;61;;;;;14395.0;0.0
2;39200;STRAWBERRIES;4035;262;;;;;4037;262;;;;;4036.0;0.0
2;39300;STRAWBERRIES;4035;281;;;;;4037;281;;;;;4036.0;0.0
