day;timestamp;product;bid_price_1;bid_volume_1;bid_price_2;bid_volume_2;bid_price_3;bid_volume_3;ask_price_1;ask_volume_1;ask_price_2;ask_volume_2;ask_price_3;ask_volume_3;mid_price;profit_and_loss
1;0;GIFT_BASKET;71108;12;71107;27;;;71121;12;71122;27;;;71114.5;0.0
1;0;CHOCOLATE;7987;104;;;;;7989;104;;;;;7988.0;0.0
1;0;ROSES;14545;27;14544;34;;;14546;61;;;;;14545.5;0.0
1;0;STRAWBERRIES;4030;237;;;;;4031;237;;;;;4030.5;0.0
1;100;STRAWBERRIES;4030;52;4029;137;;;4031;189;;;;;4030.5;0.0
1;100;ROSES;14543;20;14542;36;;;14544;56;;;;;14543.5;0.0
1;100;GIFT_BASKET;71109;1;71107;12;71106;20;71119;1;71121;12;71122;20;71114.0;0.0
1;100;CHOCOLATE;7987;100;;;;;7989;100;;;;;7988.0;0.0
1;200;ROSES;14543;26;14542;36;;;14544;62;;;;;14543.5;0.0
1;200;STRAWBERRIES;4029;198;;;;;4031;209;;;;;4030.0;0.0
1;200;GIFT_BASKET;71110;1;71109;15;71108;26;71121;1;71122;15;71123;26;71115.5;0.0
1;200;CHOCOLATE;7987;163;;;;;7988;65;7989;98;;;7987.5;0.0
1;300;CHOCOLATE;7988;117;;;;;7989;53;7990;64;;;7988.5;0.0
1;300;GIFT_BASKET;71117;14;71116;16;;;71130;14;71131;16;;;71123.5;0.0
1;300;ROSES;14541;16;14540;38;;;14542;54;;;;;14541.5;0.0
1;300;STRAWBERRIES;4029;234;;;;;4031;234;;;;;4030.0;0.0
1;400;CHOCOLATE;7989;53;7988;54;;;7990;107;;;;;7989.5;0.0
1;400;GIFT_BASKET;71127;2;71126;16;71125;15;71138;2;71139;16;71140;15;71132.5;0.0
1;400;ROSES;14547;61;;;;;14548;61;;;;;14547.5;0.0
1;400;STRAWBERRIES;4029;211;;;;;4031;211;;;;;4030.0;0.0
1;500;ROSES;14549;54;;;;;14551;54;;;;;14550.0;0.0
1;500;STRAWBERRIES;4030;192;;;;;4031;81;4032;111;;;4030.5;0.0
1;500;CHOCOLATE;7989;40;7988;81;;;7990;121;;;;;7989.5;0.0
1;500;GIFT_BASKET;71134;1;71133;16;71131;20;71145;1;71146;16;71147;20;71139.5;0.0
1;600;ROSES;14550;57;;;;;14551;18;14552;39;;;14550.5;0.0
1;600;STRAWBERRIES;4030;60;4029;114;;;4031;174;;;;;4030.5;0.0
1;600;CHOCOLATE;7989;117;;;;;7991;117;;;;;7990.0;0.0
1;600;GIFT_BASKET;71137;2;71136;17;71135;18;71148;2;71149;17;71150;18;71142.5;0.0
1;700;CHOCOLATE;7988;110;;;;;7990;110;;;;;7989.0;0.0
1;700;GIFT_BASKET;71136;1;71135;11;71134;30;71147;1;71148;11;71149;30;71141.5;0.0
1;700;ROSES;14547;73;;;;;14549;73;;;;;14548.0;0.0
1;700;STRAWBERRIES;4030;194;;;;;4032;200;;;;;4031.0;0.0
1;800;CHOCOLATE;7990;111;;;;;7992;111;;;;;7991.0;0.0
1;800;GIFT_BASKET;71139;1;71138;19;71137;22;71150;1;71151;19;71152;22;71144.5;0.0
1;800;ROSES;14550;67;;;;;14551;67;;;;;14550.5;0.0
1;800;STRAWBERRIES;4030;264;;;;;4031;264;;;;;4030.5;0.0
1;900;ROSES;14552;50;;;;;14553;50;;;;;14552.5;0.0
1;900;STRAWBERRIES;4030;215;;;;;4031;215;;;;;4030.5;0.0
1;900;CHOCOLATE;7991;114;;;;;7992;63;7993;51;;;7991.5;0.0
1;900;GIFT_BASKET;71144;1;71143;12;71142;20;71155;1;71156;12;71157;20;71149.5;0.0
1;1000;ROSES;14550;66;;;;;14552;66;;;;;14551.0;0.0
1;1000;STRAWBERRIES;4029;278;;;;;4031;278;;;;;4030.0;0.0
1;1000;CHOCOLATE;7990;48;7989;81;;;7991;48;7992;81;;;7990.5;0.0
1;1000;GIFT_BASKET;71141;1;71139;19;71138;26;71151;1;71153;19;71154;26;71146.0;0.0
1;1100;CHOCOLATE;7991;59;7990;80;;;7992;139;;;;;7991.5;0.0
1;1100;GIFT_BASKET;71147;1;71145;14;71144;23;71157;1;71159;14;71160;23;71152.0;0.0
1;1100;ROSES;14549;67;;;;;14551;67;;;;;14550.0;0.0
1;1100;STRAWBERRIES;4030;264;;;;;4031;80;4032;184;;;4030.5;0.0
1;1200;CHOCOLATE;7990;63;7989;81;;;7991;144;;;;;7990.5;0.0
1;1200;GIFT_BASKET;71133;1;71132;17;71131;16;71144;1;71145;17;71147;16;71138.5;0.0
1;1200;ROSES;14545;64;;;;;14546;16;14547;48;;;14545.5;0.0
1;1200;STRAWBERRIES;4030;185;;;;;4031;81;4032;104;;;4030.5;0.0
1;1300;ROSES;14545;75;;;;;14546;29;14547;46;;;14545.5;0.0
1;1300;STRAWBERRIES;4030;70;4029;130;;;4031;200;;;;;4030.5;0.0
1;1300;CHOCOLATE;7989;132;;;;;7991;132;;;;;7990.0;0.0
1;1300;GIFT_BASKET;71132;12;71131;29;;;71145;12;71146;29;;;71138.5;0.0
1;1400;ROSES;14548;29;14547;47;;;14549;76;;;;;14548.5;0.0
1;1400;STRAWBERRIES;4030;287;;;;;4032;287;;;;;4031.0;0.0
1;1400;GIFT_BASKET;71139;15;71138;29;;;71152;15;71153;29;;;71145.5;0.0
1;1400;CHOCOLATE;7989;141;;;;;7990;41;7991;100;;;7989.5;0.0
1;1500;GIFT_BASKET;71122;1;71121;18;71120;30;71133;1;71134;18;71135;30;71127.5;0.0
1;1500;CHOCOLATE;7989;43;7988;62;;;7990;105;;;;;7989.5;0.0
1;1500;STRAWBERRIES;4030;196;;;;;4031;62;4032;144;;;4030.5;0.0
1;1500;ROSES;14551;23;14550;48;;;14552;78;;;;;14551.5;0.0
1;1600;STRAWBERRIES;4030;172;;;;;4031;176;;;;;4030.5;0.0
1;1600;GIFT_BASKET;71130;2;71129;15;71128;17;71141;2;71142;15;71143;17;71135.5;0.0
1;1600;CHOCOLATE;7989;125;;;;;7991;125;;;;;7990.0;0.0
1;1600;ROSES;14552;50;;;;;14554;50;;;;;14553.0;0.0
1;1700;ROSES;14555;22;14554;37;;;14556;59;;;;;14555.5;0.0
1;1700;CHOCOLATE;7990;47;7989;97;;;7991;144;;;;;7990.5;0.0
1;1700;GIFT_BASKET;71134;11;71133;22;;;71147;11;71148;22;;;71140.5;0.0
1;1700;STRAWBERRIES;4030;234;;;;;4032;234;;;;;4031.0;0.0
1;1800;CHOCOLATE;7991;162;;;;;7993;162;;;;;7992.0;0.0
1;1800;ROSES;14553;64;;;;;14554;30;14555;34;;;14553.5;0.0
1;1800;STRAWBERRIES;4030;225;;;;;4031;97;4032;128;;;4030.5;0.0
1;1800;GIFT_BASKET;71135;10;71134;30;;;71148;10;71149;30;;;71141.5;0.0
1;1900;GIFT_BASKET;71141;2;71140;18;71139;29;71152;2;71153;18;71154;29;71146.5;0.0
1;1900;STRAWBERRIES;4030;293;;;;;4031;100;4032;193;;;4030.5;0.0
1;1900;ROSES;14552;79;;;;;14553;79;;;;;14552.5;0.0
1;1900;CHOCOLATE;7991;148;;;;;7993;148;;;;;7992.0;0.0
1;2000;STRAWBERRIES;4030;267;;;;;4031;98;4032;169;;;4030.5;0.0
1;2000;GIFT_BASKET;71142;2;71141;20;71140;25;71153;2;71154;20;71156;25;71147.5;0.0
1;2000;CHOCOLATE;7990;158;;;;;7991;60;7992;98;;;7990.5;0.0
1;2000;ROSES;14555;67;;;;;14557;67;;;;;14556.0;0.0
1;2100;ROSES;14557;13;14556;36;;;14558;57;;;;;14557.5;0.0
1;2100;CHOCOLATE;7990;109;;;;;7992;109;;;;;7991.0;0.0
1;2100;GIFT_BASKET;71141;2;71140;17;71139;21;71152;2;71153;17;71154;21;71146.5;0.0
1;2100;STRAWBERRIES;4030;251;;;;;4031;73;4032;178;;;4030.5;0.0
1;2200;CHOCOLATE;7990;98;;;;;7991;45;7992;53;;;7990.5;0.0
1;2200;ROSES;14554;68;;;;;14556;68;;;;;14555.0;0.0
1;2200;STRAWBERRIES;4031;218;;;;;4032;218;;;;;4031.5;0.0
1;2200;GIFT_BASKET;71137;1;71136;14;71135;26;71148;1;71149;14;71150;26;71142.5;0.0
1;2300;GIFT_BASKET;71137;20;71136;24;;;71138;1;71149;2;71151;20;71137.5;0.0
1;2300;STRAWBERRIES;4031;100;4030;178;;;4032;278;;;;;4031.5;0.0
1;2300;ROSES;14556;61;;;;;14557;24;14558;37;;;14556.5;0.0
1;2300;CHOCOLATE;7989;141;;;;;7991;141;;;;;7990.0;0.0
1;2400;STRAWBERRIES;4031;206;;;;;4033;206;;;;;4032.0;0.0
1;2400;GIFT_BASKET;71155;2;71154;10;71153;17;71166;2;71167;10;71168;17;71160.5;0.0
1;2400;CHOCOLATE;7990;100;;;;;7991;51;7992;56;;;7990.5;0.0
1;2400;ROSES;14558;52;;;;;14560;52;;;;;14559.0;0.0
1;2500;ROSES;14561;21;14560;39;;;14562;60;;;;;14561.5;0.0
1;2500;CHOCOLATE;7990;56;7989;99;;;7991;56;7992;99;;;7990.5;0.0
1;2500;GIFT_BASKET;71155;2;71154;16;71153;21;71166;2;71167;16;71168;21;71160.5;0.0
1;2500;STRAWBERRIES;4032;215;;;;;4033;99;4034;116;;;4032.5;0.0
1;2600;CHOCOLATE;7989;137;;;;;7990;46;7991;91;;;7989.5;0.0
1;2600;GIFT_BASKET;71154;1;71153;16;71152;16;71165;1;71166;16;71167;16;71159.5;0.0
1;2600;ROSES;14561;56;;;;;14562;61;;;;;14561.5;0.0
1;2600;STRAWBERRIES;4033;91;4032;163;;;4034;254;;;;;4033.5;0.0
1;2700;STRAWBERRIES;4033;73;4032;111;;;4034;184;;;;;4033.5;0.0
1;2700;ROSES;14560;19;14559;30;;;14561;49;;;;;14560.5;0.0
1;2700;CHOCOLATE;7990;119;;;;;7991;46;7992;73;;;7990.5;0.0
1;2700;GIFT_BASKET;71162;2;71161;14;71160;19;71173;2;71174;14;71175;19;71167.5;0.0
1;2800;STRAWBERRIES;4032;244;;;;;4034;244;;;;;4033.0;0.0
1;2800;CHOCOLATE;7990;119;;;;;7992;119;;;;;7991.0;0.0
1;2800;GIFT_BASKET;71159;17;71158;23;;;71172;17;71173;23;;;71165.5;0.0
1;2800;ROSES;14561;57;;;;;14562;57;;;;;14561.5;0.0
1;2900;ROSES;14566;25;14565;44;;;14567;69;;;;;14566.5;0.0
1;2900;CHOCOLATE;7991;149;;;;;7993;149;;;;;7992.0;0.0
1;2900;GIFT_BASKET;71165;2;71164;14;71163;25;71176;2;71178;14;71179;25;71170.5;0.0
1;2900;STRAWBERRIES;4032;252;;;;;4034;252;;;;;4033.0;0.0
1;3000;CHOCOLATE;7991;126;;;;;7993;126;;;;;7992.0;0.0
1;3000;GIFT_BASKET;71154;1;71153;13;71152;16;71165;1;71166;13;71167;16;71159.5;0.0
1;3000;ROSES;14566;60;;;;;14567;16;14568;44;;;14566.5;0.0
1;3000;STRAWBERRIES;4031;210;;;;;4033;210;;;;;4032.0;0.0
1;3100;STRAWBERRIES;4032;184;;;;;4033;72;4034;112;;;4032.5;0.0
1;3100;ROSES;14564;52;;;;;14566;52;;;;;14565.0;0.0
1;3100;CHOCOLATE;7992;57;7991;72;;;7993;129;;;;;7992.5;0.0
1;3100;GIFT_BASKET;71153;5;71148;1;71147;20;71159;1;71160;20;71162;16;71156.0;0.0
1;3200;STRAWBERRIES;4032;207;;;;;4034;207;;;;;4033.0;0.0
1;3200;CHOCOLATE;7991;37;7990;62;;;7992;99;;;;;7991.5;0.0
1;3200;GIFT_BASKET;71147;5;71141;19;71140;29;71154;19;71155;29;;;71150.5;0.0
1;3200;ROSES;14565;78;;;;;14567;78;;;;;14566.0;0.0
1;3300;ROSES;14562;62;;;;;14563;62;;;;;14562.5;0.0
1;3300;CHOCOLATE;7990;45;7989;72;;;7991;45;7992;72;;;7990.5;0.0
1;3300;GIFT_BASKET;71134;1;71132;10;71131;16;71144;1;71146;10;71147;16;71139.0;0.0
1;3300;STRAWBERRIES;4032;197;;;;;4034;197;;;;;4033.0;0.0
1;3400;CHOCOLATE;7988;38;7987;87;;;7989;38;7990;87;;;7988.5;0.0
1;3400;GIFT_BASKET;71120;2;71119;10;71118;19;71131;2;71132;10;71133;19;71125.5;0.0
1;3400;ROSES;14563;19;14562;46;;;14564;65;;;;;14563.5;0.0
1;3400;STRAWBERRIES;4033;199;;;;;4034;87;4035;100;;;4033.5;0.0
1;3500;STRAWBERRIES;4033;215;;;;;4034;215;;;;;4033.5;0.0
1;3500;ROSES;14562;76;;;;;14563;76;;;;;14562.5;0.0
1;3500;CHOCOLATE;7987;100;;;;;7989;100;;;;;7988.0;0.0
1;3500;GIFT_BASKET;71121;18;71119;28;;;71134;18;71135;28;;;71127.5;0.0
1;3600;STRAWBERRIES;4033;191;;;;;4035;191;;;;;4034.0;0.0
1;3600;GIFT_BASKET;71139;11;71138;29;;;71152;11;71153;29;;;71145.5;0.0
1;3600;CHOCOLATE;7988;35;7987;67;;;7989;102;;;;;7988.5;0.0
1;3600;ROSES;14565;29;14564;39;;;14566;68;;;;;14565.5;0.0
1;3700;ROSES;14565;65;;;;;14566;65;;;;;14565.5;0.0
1;3700;GIFT_BASKET;71140;17;71139;26;;;71153;17;71154;26;;;71146.5;0.0
1;3700;CHOCOLATE;7988;154;;;;;7990;154;;;;;7989.0;0.0
1;3700;STRAWBERRIES;4033;213;;;;;4034;213;;;;;4033.5;0.0
1;3800;GIFT_BASKET;71158;5;71152;17;71151;27;71165;17;71166;27;;;71161.5;0.0
1;3800;CHOCOLATE;7989;35;7988;91;;;7990;126;;;;;7989.5;0.0
1;3800;ROSES;14568;77;;;;;14569;27;14570;50;;;14568.5;0.0
1;3800;STRAWBERRIES;4032;234;;;;;4034;234;;;;;4033.0;0.0
1;3900;STRAWBERRIES;4032;187;;;;;4033;86;4034;101;;;4032.5;0.0
1;3900;ROSES;14575;27;14574;39;;;14576;66;;;;;14575.5;0.0
1;3900;GIFT_BASKET;71160;2;71159;10;71158;27;71171;2;71172;10;71173;27;71165.5;0.0
1;3900;CHOCOLATE;7990;132;;;;;7991;46;7992;86;;;7990.5;0.0
1;4000;STRAWBERRIES;4032;194;;;;;4033;52;4034;142;;;4032.5;0.0
1;4000;GIFT_BASKET;71170;1;71169;16;71168;16;71181;1;71182;16;71183;16;71175.5;0.0
1;4000;CHOCOLATE;7990;50;7989;52;;;7991;50;7992;52;;;7990.5;0.0
1;4000;ROSES;14574;66;;;;;14575;16;14576;50;;;14574.5;0.0
1;4100;ROSES;14572;72;;;;;14573;72;;;;;14572.5;0.0
1;4100;GIFT_BASKET;71163;2;71162;20;71161;26;71174;2;71175;20;71176;26;71168.5;0.0
1;4100;CHOCOLATE;7989;120;;;;;7991;120;;;;;7990.0;0.0
1;4100;STRAWBERRIES;4032;239;;;;;4034;239;;;;;4033.0;0.0
1;4200;GIFT_BASKET;71162;1;71161;13;71160;26;71173;1;71174;13;71175;26;71167.5;0.0
1;4200;CHOCOLATE;7990;136;;;;;7992;136;;;;;7991.0;0.0
1;4200;ROSES;14573;62;;;;;14574;26;14575;36;;;14573.5;0.0
1;4200;STRAWBERRIES;4032;206;;;;;4033;87;4034;119;;;4032.5;0.0
1;4300;STRAWBERRIES;4032;208;;;;;4033;208;;;;;4032.5;0.0
1;4300;ROSES;14573;63;;;;;14574;63;;;;;14573.5;0.0
1;4300;GIFT_BASKET;71161;18;71160;16;;;71174;18;71175;16;;;71167.5;0.0
1;4300;CHOCOLATE;7990;115;;;;;7992;115;;;;;7991.0;0.0
1;4400;STRAWBERRIES;4032;272;;;;;4033;278;;;;;4032.5;0.0
1;4400;GIFT_BASKET;71163;20;71162;16;;;71176;20;71178;16;;;71169.5;0.0
1;4400;CHOCOLATE;7991;122;;;;;7992;38;7993;84;;;7991.5;0.0
1;4400;ROSES;14573;51;;;;;14575;51;;;;;14574.0;0.0
1;4500;ROSES;14572;65;;;;;14573;65;;;;;14572.5;0.0
1;4500;GIFT_BASKET;71158;20;71157;29;;;71171;20;71172;29;;;71164.5;0.0
1;4500;CHOCOLATE;7990;4;7989;141;;;7991;141;;;;;7990.5;0.0
1;4500;STRAWBERRIES;4032;281;;;;;4033;97;4034;184;;;4032.5;0.0
1;4600;GIFT_BASKET;71149;12;71148;23;;;71162;12;71163;23;;;71155.5;0.0
1;4600;CHOCOLATE;7988;46;7987;64;;;7989;110;;;;;7988.5;0.0
1;4600;ROSES;14573;60;;;;;14575;60;;;;;14574.0;0.0
1;4600;STRAWBERRIES;4032;182;;;;;4033;191;;;;;4032.5;0.0
1;4700;ROSES;14574;18;14573;47;;;14575;65;;;;;14574.5;0.0
1;4700;STRAWBERRIES;4032;210;;;;;4033;210;;;;;4032.5;0.0
1;4700;GIFT_BASKET;71145;18;71144;18;;;71158;18;71159;18;;;71151.5;0.0
1;4700;CHOCOLATE;7987;129;;;;;7989;129;;;;;7988.0;0.0
1;4800;ROSES;14568;27;14567;33;;;14569;60;;;;;14568.5;0.0
1;4800;STRAWBERRIES;4032;228;;;;;4033;80;4034;148;;;4032.5;0.0
1;4800;CHOCOLATE;7986;138;;;;;7988;138;;;;;7987.0;0.0
1;4800;GIFT_BASKET;71130;1;71129;13;71128;27;71141;1;71142;13;71143;27;71135.5;0.0
1;4900;CHOCOLATE;7986;49;7985;68;;;7987;121;;;;;7986.5;0.0
1;4900;GIFT_BASKET;71125;2;71124;10;71123;27;71136;2;71137;10;71138;27;71130.5;0.0
1;4900;ROSES;14567;66;;;;;14568;66;;;;;14567.5;0.0
1;4900;STRAWBERRIES;4032;182;;;;;4033;68;4034;114;;;4032.5;0.0
1;5000;CHOCOLATE;7985;111;;;;;7987;111;;;;;7986.0;0.0
1;5000;GIFT_BASKET;71127;1;71122;1;71121;17;71133;1;71134;17;71135;15;71130.0;0.0
1;5000;ROSES;14568;51;;;;;14569;51;;;;;14568.5;0.0
1;5000;STRAWBERRIES;4032;222;;;;;4033;222;;;;;4032.5;0.0
1;5100;ROSES;14571;77;;;;;14573;77;;;;;14572.0;0.0
1;5100;STRAWBERRIES;4031;169;;;;;4033;169;;;;;4032.0;0.0
1;5100;CHOCOLATE;7985;52;7984;55;;;7986;52;7987;55;;;7985.5;0.0
1;5100;GIFT_BASKET;71123;17;71122;29;;;71136;17;71137;29;;;71129.5;0.0
1;5200;ROSES;14570;72;;;;;14571;72;;;;;14570.5;0.0
1;5200;STRAWBERRIES;4031;201;;;;;4033;201;;;;;4032.0;0.0
1;5200;CHOCOLATE;7985;51;7984;73;;;7986;51;7987;73;;;7985.5;0.0
1;5200;GIFT_BASKET;71117;2;71115;16;71114;25;71127;2;71129;16;71130;25;71122.0;0.0
1;5300;CHOCOLATE;7985;54;7984;90;;;7986;54;7987;90;;;7985.5;0.0
1;5300;GIFT_BASKET;71117;12;71116;28;;;71130;12;71131;28;;;71123.5;0.0
1;5300;ROSES;14568;28;14567;34;;;14569;62;;;;;14568.5;0.0
1;5300;STRAWBERRIES;4031;245;;;;;4033;245;;;;;4032.0;0.0
1;5400;CHOCOLATE;7985;50;7984;99;;;7986;149;;;;;7985.5;0.0
1;5400;GIFT_BASKET;71127;12;71126;25;;;71140;12;71141;25;;;71133.5;0.0
1;5400;ROSES;14571;60;;;;;14572;60;;;;;14571.5;0.0
1;5400;STRAWBERRIES;4032;99;4031;197;;;4033;296;;;;;4032.5;0.0
1;5500;ROSES;14569;54;;;;;14570;21;14571;33;;;14569.5;0.0
1;5500;STRAWBERRIES;4032;205;;;;;4033;214;;;;;4032.5;0.0
1;5500;CHOCOLATE;7984;46;7983;90;;;7985;46;7986;90;;;7984.5;0.0
1;5500;GIFT_BASKET;71120;1;71119;18;71118;21;71125;8;71131;1;71132;18;71122.5;0.0
1;5600;ROSES;14570;16;14569;45;;;14571;61;;;;;14570.5;0.0
1;5600;STRAWBERRIES;4032;258;;;;;4033;258;;;;;4032.5;0.0
1;5600;CHOCOLATE;7984;147;;;;;7986;147;;;;;7985.0;0.0
1;5600;GIFT_BASKET;71120;2;71119;10;71118;16;71131;2;71132;10;71133;16;71125.5;0.0
1;5700;CHOCOLATE;7986;125;;;;;7987;50;7988;75;;;7986.5;0.0
1;5700;GIFT_BASKET;71129;1;71128;19;71126;29;71140;1;71141;19;71142;29;71134.5;0.0
1;5700;ROSES;14571;59;;;;;14572;59;;;;;14571.5;0.0
1;5700;STRAWBERRIES;4032;178;;;;;4033;75;4034;103;;;4032.5;0.0
1;5800;CHOCOLATE;7987;52;7986;89;;;7988;141;;;;;7987.5;0.0
1;5800;GIFT_BASKET;71142;2;71141;16;71140;30;71147;3;71153;2;71154;16;71144.5;0.0
1;5800;ROSES;14573;74;;;;;14574;30;14575;44;;;14573.5;0.0
1;5800;STRAWBERRIES;4031;243;;;;;4033;243;;;;;4032.0;0.0
1;5900;STRAWBERRIES;4031;220;;;;;4033;220;;;;;4032.0;0.0
1;5900;ROSES;14573;50;;;;;14574;17;14575;33;;;14573.5;0.0
1;5900;GIFT_BASKET;71139;2;71138;17;71137;17;71150;2;71151;17;71153;17;71144.5;0.0
1;5900;CHOCOLATE;7986;37;7985;75;;;7987;112;;;;;7986.5;0.0
1;6000;ROSES;14570;65;;;;;14571;23;14572;42;;;14570.5;0.0
1;6000;STRAWBERRIES;4031;188;;;;;4033;188;;;;;4032.0;0.0
1;6000;GIFT_BASKET;71155;7;71149;18;71147;23;71162;18;71163;23;;;71158.5;0.0
1;6000;CHOCOLATE;7988;139;;;;;7990;139;;;;;7989.0;0.0
1;6100;CHOCOLATE;7987;125;;;;;7989;125;;;;;7988.0;0.0
1;6100;GIFT_BASKET;71140;1;71138;19;71137;19;71150;1;71152;19;71153;19;71145.0;0.0
1;6100;STRAWBERRIES;4032;235;;;;;4034;235;;;;;4033.0;0.0
1;6100;ROSES;14573;53;;;;;14574;53;;;;;14573.5;0.0
1;6200;GIFT_BASKET;71145;1;71144;11;71143;23;71156;1;71157;11;71158;23;71150.5;0.0
1;6200;CHOCOLATE;7988;52;7987;83;;;7989;52;7990;83;;;7988.5;0.0
1;6200;ROSES;14572;67;;;;;14573;67;;;;;14572.5;0.0
1;6200;STRAWBERRIES;4032;292;;;;;4033;280;;;;;4032.5;0.0
1;6300;STRAWBERRIES;4031;228;;;;;4032;52;4033;176;;;4031.5;0.0
1;6300;ROSES;14570;58;;;;;14572;58;;;;;14571.0;0.0
1;6300;CHOCOLATE;7989;47;7988;52;;;7990;51;7991;52;;;7989.5;0.0
1;6300;GIFT_BASKET;71135;15;71134;22;;;71148;15;71149;22;;;71141.5;0.0
1;6400;ROSES;14576;64;;;;;14577;24;14578;40;;;14576.5;0.0
1;6400;STRAWBERRIES;4031;186;;;;;4032;192;;;;;4031.5;0.0
1;6400;GIFT_BASKET;71140;1;71139;17;71138;24;71151;1;71152;17;71153;24;71145.5;0.0
1;6400;CHOCOLATE;7988;140;;;;;7990;140;;;;;7989.0;0.0
1;6500;CHOCOLATE;7988;98;;;;;7989;35;7990;63;;;7988.5;0.0
1;6500;GIFT_BASKET;71143;12;71142;15;;;71156;12;71157;15;;;71149.5;0.0
1;6500;STRAWBERRIES;4031;63;4030;123;;;4032;186;;;;;4031.5;0.0
1;6500;ROSES;14579;15;14578;40;;;14580;55;;;;;14579.5;0.0
1;6600;GIFT_BASKET;71144;2;71143;15;71142;23;71155;2;71156;15;71157;23;71149.5;0.0
1;6600;CHOCOLATE;7989;136;;;;;7991;136;;;;;7990.0;0.0
1;6600;ROSES;14576;60;;;;;14577;57;;;;;14576.5;0.0
1;6600;STRAWBERRIES;4031;81;4030;110;;;4032;191;;;;;4031.5;0.0
1;6700;STRAWBERRIES;4031;271;;;;;4033;271;;;;;4032.0;0.0
1;6700;ROSES;14574;57;;;;;14575;6;14576;57;;;14574.5;0.0
1;6700;CHOCOLATE;7991;62;7990;73;;;7992;62;7993;73;;;7991.5;0.0
1;6700;GIFT_BASKET;71148;1;71147;11;71146;17;71159;1;71160;11;71161;17;71153.5;0.0
1;6800;ROSES;14574;71;;;;;14575;71;;;;;14574.5;0.0
1;6800;STRAWBERRIES;4031;60;4030;172;;;4032;232;;;;;4031.5;0.0
1;6800;GIFT_BASKET;71125;2;71124;13;71122;26;71136;2;71137;13;71138;26;71130.5;0.0
1;6800;CHOCOLATE;7990;109;;;;;7992;109;;;;;7991.0;0.0
1;6900;CHOCOLATE;7990;106;;;;;7992;97;;;;;7991.0;0.0
1;6900;GIFT_BASKET;71117;2;71116;19;71115;20;71128;2;71129;19;71130;20;71122.5;0.0
1;6900;STRAWBERRIES;4031;254;;;;;4032;248;;;;;4031.5;0.0
1;6900;ROSES;14572;12;14571;31;;;14573;51;;;;;14572.5;0.0
1;7000;CHOCOLATE;7988;124;;;;;7990;124;;;;;7989.0;0.0
1;7000;GIFT_BASKET;71098;1;71097;11;71096;27;71109;1;71110;11;71111;27;71103.5;0.0
1;7000;ROSES;14566;63;;;;;14567;27;14568;36;;;14566.5;0.0
1;7000;STRAWBERRIES;4031;73;4030;119;;;4032;192;;;;;4031.5;0.0
1;7100;STRAWBERRIES;4031;229;;;;;4032;229;;;;;4031.5;0.0
1;7100;ROSES;14569;26;14568;35;;;14570;61;;;;;14569.5;0.0
1;7100;CHOCOLATE;7990;44;7989;98;;;7991;142;;;;;7990.5;0.0
1;7100;GIFT_BASKET;71093;1;71092;14;71091;26;71104;1;71105;14;71106;26;71098.5;0.0
1;7200;ROSES;14571;49;;;;;14572;49;;;;;14571.5;0.0
1;7200;STRAWBERRIES;4030;217;;;;;4032;217;;;;;4031.0;0.0
1;7200;CHOCOLATE;7988;54;7987;69;;;7989;54;7990;69;;;7988.5;0.0
1;7200;GIFT_BASKET;71083;1;71082;12;71081;15;71094;1;71095;12;71096;15;71088.5;0.0
1;7300;CHOCOLATE;7988;157;;;;;7990;157;;;;;7989.0;0.0
1;7300;GIFT_BASKET;71090;1;71089;20;71088;22;71101;1;71102;20;71104;22;71095.5;0.0
1;7300;STRAWBERRIES;4031;227;;;;;4032;227;;;;;4031.5;0.0
1;7300;ROSES;14572;22;14571;44;;;14573;66;;;;;14572.5;0.0
1;7400;CHOCOLATE;7987;138;;;;;7989;138;;;;;7988.0;0.0
1;7400;GIFT_BASKET;71088;15;71087;15;;;71101;15;71102;15;;;71094.5;0.0
1;7400;ROSES;14570;56;;;;;14572;56;;;;;14571.0;0.0
1;7400;STRAWBERRIES;4031;245;;;;;4033;245;;;;;4032.0;0.0
1;7500;STRAWBERRIES;4031;213;;;;;4032;55;4033;158;;;4031.5;0.0
1;7500;ROSES;14571;65;;;;;14572;22;14573;43;;;14571.5;0.0
1;7500;CHOCOLATE;7986;51;7985;55;;;7987;106;;;;;7986.5;0.0
1;7500;GIFT_BASKET;71075;19;71074;22;;;71088;19;71089;22;;;71081.5;0.0
1;7600;ROSES;14573;70;;;;;14574;70;;;;;14573.5;0.0
1;7600;STRAWBERRIES;4031;204;;;;;4032;204;;;;;4031.5;0.0
1;7600;CHOCOLATE;7986;52;7985;89;;;7987;61;7988;89;;;7986.5;0.0
1;7600;GIFT_BASKET;71081;13;71080;25;;;71094;13;71095;25;;;71087.5;0.0
1;7700;CHOCOLATE;7986;129;;;;;7988;129;;;;;7987.0;0.0
1;7700;GIFT_BASKET;71071;1;71070;13;71069;20;71082;1;71083;13;71085;20;71076.5;0.0
1;7700;STRAWBERRIES;4030;227;;;;;4032;227;;;;;4031.0;0.0
1;7700;ROSES;14570;53;;;;;14571;20;14572;33;;;14570.5;0.0
1;7800;CHOCOLATE;7987;62;7986;56;;;7988;118;;;;;7987.5;0.0
1;7800;GIFT_BASKET;71062;11;71061;20;;;71075;11;71076;20;;;71068.5;0.0
1;7800;ROSES;14569;61;;;;;14570;20;14571;41;;;14569.5;0.0
1;7800;STRAWBERRIES;4030;187;;;;;4031;56;4032;131;;;4030.5;0.0
1;7900;STRAWBERRIES;4030;222;;;;;4031;222;;;;;4030.5;0.0
1;7900;ROSES;14568;28;14567;49;;;14569;77;;;;;14568.5;0.0
1;7900;CHOCOLATE;7986;110;;;;;7988;110;;;;;7987.0;0.0
1;7900;GIFT_BASKET;71054;6;71049;2;71048;11;71060;2;71061;11;71062;28;71057.0;0.0
1;8000;ROSES;14570;18;14569;37;;;14571;55;;;;;14570.5;0.0
1;8000;STRAWBERRIES;4030;65;4029;192;;;4031;257;;;;;4030.5;0.0
1;8000;CHOCOLATE;7986;111;;;;;7988;111;;;;;7987.0;0.0
1;8000;GIFT_BASKET;71056;2;71055;12;71054;18;71067;2;71068;12;71069;18;71061.5;0.0
1;8100;GIFT_BASKET;71048;17;71047;23;;;71061;17;71062;23;;;71054.5;0.0
1;8100;CHOCOLATE;7986;137;;;;;7987;57;7988;80;;;7986.5;0.0
1;8100;STRAWBERRIES;4029;233;;;;;4030;80;4031;153;;;4029.5;0.0
1;8100;ROSES;14570;54;;;;;14572;54;;;;;14571.0;0.0
1;8200;GIFT_BASKET;71060;2;71059;15;71058;15;71071;2;71072;15;71073;15;71065.5;0.0
1;8200;CHOCOLATE;7987;59;7986;98;;;7988;157;;;;;7987.5;0.0
1;8200;ROSES;14567;55;;;;;14568;55;;;;;14567.5;0.0
1;8200;STRAWBERRIES;4029;227;;;;;4030;98;4031;129;;;4029.5;0.0
1;8300;STRAWBERRIES;4029;231;;;;;4030;231;;;;;4029.5;0.0
1;8300;ROSES;14565;70;;;;;14566;27;14567;43;;;14565.5;0.0
1;8300;GIFT_BASKET;71065;19;71064;27;;;71078;19;71079;27;;;71071.5;0.0
1;8300;CHOCOLATE;7986;137;;;;;7988;137;;;;;7987.0;0.0
1;8400;ROSES;14570;77;;;;;14571;29;14572;48;;;14570.5;0.0
1;8400;STRAWBERRIES;4029;204;;;;;4031;204;;;;;4030.0;0.0
1;8400;GIFT_BASKET;71079;20;71078;29;;;71092;20;71093;29;;;71085.5;0.0
1;8400;CHOCOLATE;7986;94;;;;;7988;94;;;;;7987.0;0.0
1;8500;GIFT_BASKET;71086;2;71085;14;71084;27;71097;2;71098;14;71099;27;71091.5;0.0
1;8500;CHOCOLATE;7987;128;;;;;7988;59;7989;69;;;7987.5;0.0
1;8500;STRAWBERRIES;4029;248;;;;;4031;251;;;;;4030.0;0.0
1;8500;ROSES;14567;75;;;;;14569;75;;;;;14568.0;0.0
1;8600;GIFT_BASKET;71087;2;71086;18;71085;20;71098;2;71099;18;71100;20;71092.5;0.0
1;8600;CHOCOLATE;7988;104;;;;;7990;104;;;;;7989.0;0.0
1;8600;ROSES;14568;67;;;;;14569;58;;;;;14568.5;0.0
1;8600;STRAWBERRIES;4030;68;4029;168;;;4031;236;;;;;4030.5;0.0
1;8700;STRAWBERRIES;4029;207;;;;;4031;207;;;;;4030.0;0.0
1;8700;ROSES;14566;56;;;;;14567;26;14568;30;;;14566.5;0.0
1;8700;GIFT_BASKET;71084;7;71079;2;71078;18;71090;2;71091;18;71092;26;71087.0;0.0
1;8700;CHOCOLATE;7988;126;;;;;7990;126;;;;;7989.0;0.0
1;8800;ROSES;14570;24;14569;30;;;14571;54;;;;;14570.5;0.0
1;8800;STRAWBERRIES;4029;224;;;;;4031;224;;;;;4030.0;0.0
1;8800;GIFT_BASKET;71091;1;71090;11;71089;24;71102;1;71103;11;71104;24;71096.5;0.0
1;8800;CHOCOLATE;7990;111;;;;;7991;56;7992;55;;;7990.5;0.0
1;8900;GIFT_BASKET;71092;11;71091;15;;;71105;11;71106;15;;;71098.5;0.0
1;8900;CHOCOLATE;7990;48;7989;89;;;7991;137;;;;;7990.5;0.0
1;8900;STRAWBERRIES;4029;285;;;;;4031;285;;;;;4030.0;0.0
1;8900;ROSES;14570;15;14569;48;;;14571;63;;;;;14570.5;0.0
1;9000;GIFT_BASKET;71084;12;71083;20;;;71098;12;71099;20;;;71091.0;0.0
1;9000;CHOCOLATE;7991;44;7990;84;;;7992;128;;;;;7991.5;0.0
1;9000;ROSES;14568;70;;;;;14570;70;;;;;14569.0;0.0
1;9000;STRAWBERRIES;4029;237;;;;;4031;237;;;;;4030.0;0.0
1;9100;ROSES;14565;59;;;;;14566;16;14567;43;;;14565.5;0.0
1;9100;STRAWBERRIES;4029;237;;;;;4030;55;4031;182;;;4029.5;0.0
1;9100;GIFT_BASKET;71071;10;71070;16;;;71084;10;71085;16;;;71077.5;0.0
1;9100;CHOCOLATE;7990;102;;;;;7992;102;;;;;7991.0;0.0
1;9200;ROSES;14564;69;;;;;14566;69;;;;;14565.0;0.0
1;9200;STRAWBERRIES;4029;98;4028;194;;;4030;292;;;;;4029.5;0.0
1;9200;CHOCOLATE;7990;63;7989;98;;;7991;161;;;;;7990.5;0.0
1;9200;GIFT_BASKET;71077;2;71076;10;71075;20;71088;2;71089;10;71090;20;71082.5;0.0
1;9300;CHOCOLATE;7990;155;;;;;7992;155;;;;;7991.0;0.0
1;9300;GIFT_BASKET;71082;1;71081;16;71080;24;71093;1;71094;16;71095;24;71087.5;0.0
1;9300;ROSES;14567;67;;;;;14568;67;;;;;14567.5;0.0
1;9300;STRAWBERRIES;4029;9;4028;227;;;4030;227;;;;;4029.5;0.0
1;9400;CHOCOLATE;7991;57;7990;96;;;7992;57;7993;96;;;7991.5;0.0
1;9400;GIFT_BASKET;71087;2;71086;10;71085;19;71098;2;71099;10;71100;19;71092.5;0.0
1;9400;ROSES;14569;56;;;;;14570;56;;;;;14569.5;0.0
1;9400;STRAWBERRIES;4028;249;;;;;4030;249;;;;;4029.0;0.0
1;9500;ROSES;14565;61;;;;;14566;61;;;;;14565.5;0.0
1;9500;STRAWBERRIES;4028;63;4027;128;;;4029;191;;;;;4028.5;0.0
1;9500;CHOCOLATE;7990;56;7989;63;;;7991;51;7992;63;;;7990.5;0.0
1;9500;GIFT_BASKET;71083;2;71082;10;71081;22;71094;2;71095;10;71096;22;71088.5;0.0
1;9600;ROSES;14569;58;;;;;14571;58;;;;;14570.0;0.0
1;9600;STRAWBERRIES;4027;259;;;;;4029;259;;;;;4028.0;0.0
1;9600;CHOCOLATE;7989;125;;;;;7991;125;;;;;7990.0;0.0
1;9600;GIFT_BASKET;71081;1;71080;10;71079;22;71092;1;71093;10;71094;22;71086.5;0.0
1;9700;CHOCOLATE;7988;135;;;;;7990;135;;;;;7989.0;0.0
1;9700;GIFT_BASKET;71070;1;71069;12;71068;27;71081;1;71082;12;71083;27;71075.5;0.0
1;9700;ROSES;14569;70;;;;;14570;70;;;;;14569.5;0.0
1;9700;STRAWBERRIES;4028;75;4027;134;;;4029;209;;;;;4028.5;0.0
1;9800;CHOCOLATE;7988;47;7987;79;;;7989;47;7990;79;;;7988.5;0.0
1;9800;GIFT_BASKET;71069;2;71068;16;71066;29;71080;2;71081;16;71082;29;71074.5;0.0
1;9800;ROSES;14566;78;;;;;14567;78;;;;;14566.5;0.0
1;9800;STRAWBERRIES;4028;214;;;;;4029;79;4030;135;;;4028.5;0.0
1;9900;ROSES;14566;60;;;;;14568;60;;;;;14567.0;0.0
1;9900;STRAWBERRIES;4028;250;;;;;4030;250;;;;;4029.0;0.0
1;9900;CHOCOLATE;7987;132;;;;;7988;58;7989;74;;;7987.5;0.0
1;9900;GIFT_BASKET;71075;13;71074;26;;;71089;13;71090;26;;;71082.0;0.0
1;10000;ROSES;14564;64;;;;;14566;64;;;;;14565.0;0.0
1;10000;STRAWBERRIES;4027;225;;;;;4029;225;;;;;4028.0;0.0
1;10000;CHOCOLATE;7987;152;;;;;7989;152;;;;;7988.0;0.0
1;10000;GIFT_BASKET;71075;18;71074;15;;;71088;18;71089;15;;;71081.5;0.0
1;10100;CHOCOLATE;7985;113;;;;;7987;113;;;;;7986.0;0.0
1;10100;GIFT_BASKET;71067;1;71066;10;71065;27;71072;6;71078;1;71079;10;71069.5;0.0
1;10100;ROSES;14563;76;;;;;14564;76;;;;;14563.5;0.0
1;10100;STRAWBERRIES;4028;63;4027;148;;;4029;211;;;;;4028.5;0.0
1;10200;CHOCOLATE;7985;51;7984;100;;;7986;151;;;;;7985.5;0.0
1;10200;GIFT_BASKET;71059;17;71058;26;;;71072;17;71073;26;;;71065.5;0.0
1;10200;ROSES;14561;65;;;;;14562;26;14563;39;;;14561.5;0.0
1;10200;STRAWBERRIES;4028;261;;;;;4029;268;;;;;4028.5;0.0
1;10300;ROSES;14561;60;;;;;14562;60;;;;;14561.5;0.0
1;10300;STRAWBERRIES;4027;198;;;;;4029;198;;;;;4028.0;0.0
1;10300;GIFT_BASKET;71048;1;71047;13;71046;22;71059;1;71060;13;71061;22;71053.5;0.0
1;10300;CHOCOLATE;7985;44;7984;69;;;7986;44;7987;69;;;7985.5;0.0
1;10400;ROSES;14559;70;;;;;14561;70;;;;;14560.0;0.0
1;10400;STRAWBERRIES;4027;193;;;;;4028;193;;;;;4027.5;0.0
1;10400;GIFT_BASKET;71046;11;71045;25;;;71059;11;71060;25;;;71052.5;0.0
1;10400;CHOCOLATE;7984;37;7983;81;;;7985;37;7986;81;;;7984.5;0.0
1;10500;GIFT_BASKET;71032;17;71031;16;;;71038;5;71045;17;71046;16;71035.0;0.0
1;10500;STRAWBERRIES;4027;194;;;;;4028;194;;;;;4027.5;0.0
1;10500;ROSES;14555;16;14554;43;;;14556;59;;;;;14555.5;0.0
1;10500;CHOCOLATE;7982;121;;;;;7984;121;;;;;7983.0;0.0
1;10600;STRAWBERRIES;4027;252;;;;;4028;252;;;;;4027.5;0.0
1;10600;GIFT_BASKET;71026;16;71025;17;;;71039;16;71040;17;;;71032.5;0.0
1;10600;CHOCOLATE;7982;131;;;;;7984;131;;;;;7983.0;0.0
1;10600;ROSES;14556;51;;;;;14557;17;14558;34;;;14556.5;0.0
1;10700;ROSES;14555;16;14554;49;;;14556;65;;;;;14555.5;0.0
1;10700;CHOCOLATE;7983;124;;;;;7985;124;;;;;7984.0;0.0
1;10700;GIFT_BASKET;71028;16;71027;16;;;71041;16;71042;16;;;71034.5;0.0
1;10700;STRAWBERRIES;4027;232;;;;;4028;65;4029;167;;;4027.5;0.0
1;10800;CHOCOLATE;7984;146;;;;;7986;146;;;;;7985.0;0.0
1;10800;ROSES;14558;59;;;;;14559;20;14560;39;;;14558.5;0.0
1;10800;STRAWBERRIES;4027;266;;;;;4029;266;;;;;4028.0;0.0
1;10800;GIFT_BASKET;71043;18;71042;20;;;71056;18;71057;20;;;71049.5;0.0
1;10900;GIFT_BASKET;71046;1;71045;15;71044;25;71057;1;71058;15;71059;25;71051.5;0.0
1;10900;STRAWBERRIES;4028;97;4027;143;;;4029;240;;;;;4028.5;0.0
1;10900;ROSES;14560;25;14559;43;;;14561;68;;;;;14560.5;0.0
1;10900;CHOCOLATE;7985;138;;;;;7986;41;7987;97;;;7985.5;0.0
1;11000;STRAWBERRIES;4027;277;;;;;4029;277;;;;;4028.0;0.0
1;11000;GIFT_BASKET;71048;1;71047;11;71046;25;71059;1;71060;11;71061;25;71053.5;0.0
1;11000;CHOCOLATE;7985;128;;;;;7987;128;;;;;7986.0;0.0
1;11000;ROSES;14561;71;;;;;14563;71;;;;;14562.0;0.0
1;11100;ROSES;14562;66;;;;;14563;66;;;;;14562.5;0.0
1;11100;CHOCOLATE;7985;115;;;;;7987;115;;;;;7986.0;0.0
1;11100;GIFT_BASKET;71045;1;71044;18;71043;20;71056;1;71057;18;71058;20;71050.5;0.0
1;11100;STRAWBERRIES;4028;50;4027;177;;;4029;227;;;;;4028.5;0.0
1;11200;CHOCOLATE;7984;117;;;;;7986;117;;;;;7985.0;0.0
1;11200;ROSES;14566;17;14565;48;;;14567;65;;;;;14566.5;0.0
1;11200;STRAWBERRIES;4028;175;;;;;4029;72;4030;103;;;4028.5;0.0
1;11200;GIFT_BASKET;71041;2;71040;12;71039;17;71052;2;71053;12;71054;17;71046.5;0.0
1;11300;GIFT_BASKET;71032;2;71031;10;71030;20;71043;2;71044;10;71045;20;71037.5;0.0
1;11300;STRAWBERRIES;4028;11;4027;232;;;4029;232;;;;;4028.5;0.0
1;11300;ROSES;14565;54;;;;;14566;54;;;;;14565.5;0.0
1;11300;CHOCOLATE;7984;49;7983;80;;;7985;129;;;;;7984.5;0.0
1;11400;STRAWBERRIES;4027;192;;;;;4029;192;;;;;4028.0;0.0
1;11400;CHOCOLATE;7984;95;;;;;7986;95;;;;;7985.0;0.0
1;11400;GIFT_BASKET;71025;20;71024;22;;;71038;20;71039;22;;;71031.5;0.0
1;11400;ROSES;14562;63;;;;;14563;63;;;;;14562.5;0.0
1;11500;ROSES;14563;49;;;;;14564;49;;;;;14563.5;0.0
1;11500;CHOCOLATE;7985;95;;;;;7987;95;;;;;7986.0;0.0
1;11500;GIFT_BASKET;71031;1;71030;18;71029;16;71042;1;71043;18;71044;16;71036.5;0.0
1;11500;STRAWBERRIES;4028;51;4027;193;;;4029;244;;;;;4028.5;0.0
1;11600;CHOCOLATE;7986;132;;;;;7988;132;;;;;7987.0;0.0
1;11600;GIFT_BASKET;71029;2;71028;20;71027;28;71040;2;71041;20;71042;28;71034.5;0.0
1;11600;ROSES;14555;66;;;;;14557;66;;;;;14556.0;0.0
1;11600;STRAWBERRIES;4028;84;4027;145;;;4029;229;;;;;4028.5;0.0
1;11700;STRAWBERRIES;4028;254;;;;;4030;254;;;;;4029.0;0.0
1;11700;ROSES;14554;75;;;;;14556;75;;;;;14555.0;0.0
1;11700;CHOCOLATE;7986;122;;;;;7987;61;7988;61;;;7986.5;0.0
1;11700;GIFT_BASKET;71039;2;71038;13;71037;28;71050;2;71051;13;71052;28;71044.5;0.0
1;11800;STRAWBERRIES;4028;249;;;;;4029;58;4030;191;;;4028.5;0.0
1;11800;CHOCOLATE;7986;115;;;;;7987;57;7988;58;;;7986.5;0.0
1;11800;GIFT_BASKET;71038;1;71037;18;71036;19;71049;1;71050;18;71051;19;71043.5;0.0
1;11800;ROSES;14555;59;;;;;14556;59;;;;;14555.5;0.0
1;11900;ROSES;14554;30;14553;34;;;14555;64;;;;;14554.5;0.0
1;11900;CHOCOLATE;7987;137;;;;;7989;137;;;;;7988.0;0.0
1;11900;GIFT_BASKET;71038;1;71037;14;71036;30;71049;1;71050;14;71051;30;71043.5;0.0
1;11900;STRAWBERRIES;4027;212;;;;;4029;212;;;;;4028.0;0.0
1;12000;CHOCOLATE;7987;135;;;;;7989;135;;;;;7988.0;0.0
1;12000;GIFT_BASKET;71042;1;71041;14;71040;16;71053;1;71054;14;71055;16;71047.5;0.0
1;12000;ROSES;14557;61;;;;;14559;61;;;;;14558.0;0.0
1;12000;STRAWBERRIES;4027;242;;;;;4029;242;;;;;4028.0;0.0
1;12100;STRAWBERRIES;4027;210;;;;;4029;210;;;;;4028.0;0.0
1;12100;ROSES;14559;53;;;;;14561;53;;;;;14560.0;0.0
1;12100;CHOCOLATE;7987;140;;;;;7989;140;;;;;7988.0;0.0
1;12100;GIFT_BASKET;71045;2;71044;10;71043;19;71056;2;71057;10;71058;19;71050.5;0.0
1;12200;STRAWBERRIES;4027;261;;;;;4029;261;;;;;4028.0;0.0
1;12200;CHOCOLATE;7987;124;;;;;7988;50;7989;74;;;7987.5;0.0
1;12200;GIFT_BASKET;71031;2;71030;20;71029;27;71042;2;71043;20;71045;27;71036.5;0.0
1;12200;ROSES;14560;27;14559;32;;;14561;59;;;;;14560.5;0.0
1;12300;ROSES;14559;24;14558;33;;;14560;57;;;;;14559.5;0.0
1;12300;CHOCOLATE;7987;53;7986;68;;;7988;121;;;;;7987.5;0.0
1;12300;GIFT_BASKET;71030;1;71029;14;71028;24;71041;1;71042;14;71043;24;71035.5;0.0
1;12300;STRAWBERRIES;4027;68;4026;171;;;4028;239;;;;;4027.5;0.0
1;12400;CHOCOLATE;7986;41;7985;98;;;7987;41;7988;98;;;7986.5;0.0
1;12400;GIFT_BASKET;71019;11;71017;22;;;71032;11;71033;22;;;71025.5;0.0
1;12400;ROSES;14562;22;14561;42;;;14563;64;;;;;14562.5;0.0
1;12400;STRAWBERRIES;4027;98;4026;174;;;4028;272;;;;;4027.5;0.0
1;12500;STRAWBERRIES;4027;292;;;;;4028;96;4029;196;;;4027.5;0.0
1;12500;ROSES;14560;64;;;;;14561;64;;;;;14560.5;0.0
1;12500;GIFT_BASKET;71001;1;71000;10;70999;16;71012;1;71013;10;71014;16;71006.5;0.0
1;12500;CHOCOLATE;7983;144;;;;;7984;48;7985;96;;;7983.5;0.0
1;12600;STRAWBERRIES;4027;225;;;;;4029;225;;;;;4028.0;0.0
1;12600;GIFT_BASKET;71011;16;71010;29;;;71024;16;71025;29;;;71017.5;0.0
1;12600;CHOCOLATE;7983;35;7982;100;;;7984;135;;;;;7983.5;0.0
1;12600;ROSES;14559;29;14558;30;;;14560;59;;;;;14559.5;0.0
1;12700;ROSES;14561;57;;;;;14562;57;;;;;14561.5;0.0
1;12700;GIFT_BASKET;71007;1;71006;18;71005;23;71018;1;71019;18;71020;23;71012.5;0.0
1;12700;CHOCOLATE;7982;33;7981;77;;;7983;43;7984;77;;;7982.5;0.0
1;12700;STRAWBERRIES;4027;269;;;;;4028;77;4029;192;;;4027.5;0.0
1;12800;GIFT_BASKET;71012;2;71011;11;71010;30;71023;2;71024;11;71025;30;71017.5;0.0
1;12800;CHOCOLATE;7981;98;;;;;7983;98;;;;;7982.0;0.0
1;12800;ROSES;14562;77;;;;;14564;77;;;;;14563.0;0.0
1;12800;STRAWBERRIES;4027;242;;;;;4028;242;;;;;4027.5;0.0
1;12900;STRAWBERRIES;4027;189;;;;;4029;189;;;;;4028.0;0.0
1;12900;ROSES;14568;76;;;;;14570;76;;;;;14569.0;0.0
1;12900;GIFT_BASKET;71041;2;71040;13;71039;27;71052;2;71053;13;71054;27;71046.5;0.0
1;12900;CHOCOLATE;7982;117;;;;;7984;117;;;;;7983.0;0.0
1;13000;STRAWBERRIES;4028;78;4027;127;;;4029;205;;;;;4028.5;0.0
1;13000;GIFT_BASKET;71054;2;71053;12;71052;15;71065;2;71066;12;71067;15;71059.5;0.0
1;13000;CHOCOLATE;7984;128;;;;;7985;50;7986;78;;;7984.5;0.0
1;13000;ROSES;14568;15;14567;33;;;14569;48;;;;;14568.5;0.0
1;13100;ROSES;14562;76;;;;;14564;76;;;;;14563.0;0.0
1;13100;GIFT_BASKET;71042;11;71041;29;;;71055;11;71056;29;;;71048.5;0.0
1;13100;CHOCOLATE;7985;44;7984;76;;;7986;120;;;;;7985.5;0.0
1;13100;STRAWBERRIES;4028;76;4027;190;;;4029;266;;;;;4028.5;0.0
1;13200;GIFT_BASKET;71057;2;71056;14;71055;18;71068;2;71069;14;71070;18;71062.5;0.0
1;13200;CHOCOLATE;7985;97;;;;;7986;35;7987;62;;;7985.5;0.0
1;13200;ROSES;14564;51;;;;;14565;18;14566;41;;;14564.5;0.0
1;13200;STRAWBERRIES;4027;194;;;;;4029;194;;;;;4028.0;0.0
1;13300;STRAWBERRIES;4027;258;;;;;4029;268;;;;;4028.0;0.0
1;13300;ROSES;14568;63;;;;;14569;63;;;;;14568.5;0.0
1;13300;GIFT_BASKET;71054;1;71053;13;71051;23;71065;1;71066;13;71067;23;71059.5;0.0
1;13300;CHOCOLATE;7985;35;7984;90;;;7986;35;7987;90;;;7985.5;0.0
1;13400;STRAWBERRIES;4028;105;4027;153;;;4029;252;;;;;4028.5;0.0
1;13400;GIFT_BASKET;71040;17;71039;18;;;71046;1;71053;17;71054;18;71043.0;0.0
1;13400;CHOCOLATE;7982;62;7981;99;;;7983;161;;;;;7982.5;0.0
1;13400;ROSES;14567;57;;;;;14569;57;;;;;14568.0;0.0
1;13500;GIFT_BASKET;71050;1;71049;10;71048;20;71061;1;71062;10;71063;20;71055.5;0.0
1;13500;CHOCOLATE;7983;122;;;;;7984;36;7985;86;;;7983.5;0.0
1;13500;ROSES;14572;66;;;;;14573;66;;;;;14572.5;0.0
1;13500;STRAWBERRIES;4028;233;;;;;4029;233;;;;;4028.5;0.0
1;13600;CHOCOLATE;7983;35;7982;74;;;7984;109;;;;;7983.5;0.0
1;13600;GIFT_BASKET;71055;2;71054;18;71052;24;71066;2;71067;18;71068;24;71060.5;0.0
1;13600;ROSES;14577;67;;;;;14578;67;;;;;14577.5;0.0
1;13600;STRAWBERRIES;4028;232;;;;;4029;74;4030;158;;;4028.5;0.0
1;13700;ROSES;14575;49;;;;;14576;49;;;;;14575.5;0.0
1;13700;STRAWBERRIES;4028;68;4027;112;;;4029;192;;;;;4028.5;0.0
1;13700;CHOCOLATE;7983;126;;;;;7985;126;;;;;7984.0;0.0
1;13700;GIFT_BASKET;71056;18;71055;16;;;71062;5;71069;18;71070;16;71059.0;0.0
1;13800;ROSES;14574;23;14573;42;;;14575;65;;;;;14574.5;0.0
1;13800;STRAWBERRIES;4028;252;;;;;4029;58;4030;194;;;4028.5;0.0
1;13800;CHOCOLATE;7984;57;7983;58;;;7985;57;7986;58;;;7984.5;0.0
1;13800;GIFT_BASKET;71061;10;71060;23;;;71074;12;71075;23;;;71067.5;0.0
1;13900;CHOCOLATE;7986;64;7985;84;;;7987;148;;;;;7986.5;0.0
1;13900;GIFT_BASKET;71062;1;71061;20;71060;23;71073;1;71074;20;71075;23;71067.5;0.0
1;13900;ROSES;14570;73;;;;;14571;23;14572;50;;;14570.5;0.0
1;13900;STRAWBERRIES;4028;202;;;;;4029;84;4030;118;;;4028.5;0.0
1;14000;CHOCOLATE;7986;53;7985;86;;;7987;139;;;;;7986.5;0.0
1;14000;GIFT_BASKET;71051;1;71050;16;71049;23;71062;1;71063;16;71065;23;71056.5;0.0
1;14000;ROSES;14572;23;14571;34;;;14573;57;;;;;14572.5;0.0
1;14000;STRAWBERRIES;4028;225;;;;;4030;225;;;;;4029.0;0.0
1;14100;ROSES;14574;22;14573;35;;;14575;57;;;;;14574.5;0.0
1;14100;STRAWBERRIES;4028;234;;;;;4030;234;;;;;4029.0;0.0
1;14100;CHOCOLATE;7984;56;7983;55;;;7985;56;7986;55;;;7984.5;0.0
1;14100;GIFT_BASKET;71044;2;71043;17;71042;22;71055;2;71056;17;71057;22;71049.5;0.0
1;14200;ROSES;14575;66;;;;;14577;66;;;;;14576.0;0.0
1;14200;STRAWBERRIES;4029;90;4028;167;;;4030;257;;;;;4029.5;0.0
1;14200;CHOCOLATE;7983;155;;;;;7985;155;;;;;7984.0;0.0
1;14200;GIFT_BASKET;71045;19;71044;17;;;71058;19;71059;17;;;71051.5;0.0
1;14300;CHOCOLATE;7983;100;;;;;7985;100;;;;;7984.0;0.0
1;14300;GIFT_BASKET;71054;1;71053;15;71052;17;71065;1;71066;15;71067;17;71059.5;0.0
1;14300;ROSES;14572;58;;;;;14573;58;;;;;14572.5;0.0
1;14300;STRAWBERRIES;4029;246;;;;;4030;246;;;;;4029.5;0.0
1;14400;CHOCOLATE;7984;132;;;;;7985;48;7986;84;;;7984.5;0.0
1;14400;GIFT_BASKET;71049;2;71048;14;71047;29;71060;2;71061;14;71062;29;71054.5;0.0
1;14400;ROSES;14570;29;14569;39;;;14571;68;;;;;14570.5;0.0
1;14400;STRAWBERRIES;4029;254;;;;;4031;254;;;;;4030.0;0.0
1;14500;ROSES;14566;25;14565;46;;;14567;71;;;;;14566.5;0.0
1;14500;STRAWBERRIES;4029;228;;;;;4030;61;4031;160;;;4029.5;0.0
1;14500;CHOCOLATE;7985;48;7984;61;;;7986;48;7987;61;;;7985.5;0.0
1;14500;GIFT_BASKET;71050;1;71049;11;71048;25;71061;1;71062;11;71063;25;71055.5;0.0
1;14600;ROSES;14561;64;;;;;14562;28;14563;36;;;14561.5;0.0
1;14600;STRAWBERRIES;4029;215;;;;;4030;82;4031;137;;;4029.5;0.0
1;14600;CHOCOLATE;7985;140;;;;;7986;58;7987;82;;;7985.5;0.0
1;14600;GIFT_BASKET;71055;1;71054;19;71053;28;71060;1;71066;1;71067;19;71057.5;0.0
1;14700;CHOCOLATE;7984;146;;;;;7985;50;7986;96;;;7984.5;0.0
1;14700;GIFT_BASKET;71059;1;71058;10;71057;19;71070;1;71071;10;71072;19;71064.5;0.0
1;14700;ROSES;14557;66;;;;;14559;66;;;;;14558.0;0.0
1;14700;STRAWBERRIES;4030;93;4029;159;;;4031;255;;;;;4030.5;0.0
1;14800;GIFT_BASKET;71056;1;71055;12;71054;15;71067;1;71068;12;71069;15;71061.5;0.0
1;14800;CHOCOLATE;7984;95;;;;;7986;95;;;;;7985.0;0.0
1;14800;ROSES;14553;64;;;;;14554;64;;;;;14553.5;0.0
1;14800;STRAWBERRIES;4030;252;;;;;4031;58;4032;194;;;4030.5;0.0
1;14900;STRAWBERRIES;4030;264;;;;;4031;71;4032;193;;;4030.5;0.0
1;14900;ROSES;14552;61;;;;;14554;61;;;;;14553.0;0.0
1;14900;CHOCOLATE;7985;63;7984;71;;;7986;63;7987;71;;;7985.5;0.0
1;14900;GIFT_BASKET;71056;1;71055;12;71053;22;71067;1;71068;12;71069;22;71061.5;0.0
1;15000;ROSES;14553;79;;;;;14555;79;;;;;14554.0;0.0
1;15000;STRAWBERRIES;4030;271;;;;;4031;271;;;;;4030.5;0.0
1;15000;GIFT_BASKET;71060;2;71059;17;71058;29;71071;2;71072;17;71073;29;71065.5;0.0
1;15000;CHOCOLATE;7986;52;7985;90;;;7987;142;;;;;7986.5;0.0
1;15100;CHOCOLATE;7984;62;7983;90;;;7985;152;;;;;7984.5;0.0
1;15100;GIFT_BASKET;71053;1;71052;20;71051;26;71064;1;71065;20;71067;26;71058.5;0.0
1;15100;STRAWBERRIES;4030;235;;;;;4031;90;4032;145;;;4030.5;0.0
1;15100;ROSES;14555;58;;;;;14557;58;;;;;14556.0;0.0
1;15200;GIFT_BASKET;71059;2;71058;10;71057;16;71070;2;71071;10;71072;16;71064.5;0.0
1;15200;CHOCOLATE;7984;57;7983;80;;;7985;137;;;;;7984.5;0.0
1;15200;ROSES;14555;49;;;;;14556;16;14557;33;;;14555.5;0.0
1;15200;STRAWBERRIES;4030;238;;;;;4031;80;4032;158;;;4030.5;0.0
1;15300;STRAWBERRIES;4030;206;;;;;4032;206;;;;;4031.0;0.0
1;15300;ROSES;14553;50;;;;;14555;50;;;;;14554.0;0.0
1;15300;CHOCOLATE;7984;41;7983;89;;;7985;41;7986;89;;;7984.5;0.0
1;15300;GIFT_BASKET;71062;2;71061;14;71060;17;71073;2;71074;14;71075;17;71067.5;0.0
1;15400;ROSES;14553;66;;;;;14555;66;;;;;14554.0;0.0
1;15400;STRAWBERRIES;4030;180;;;;;4032;180;;;;;4031.0;0.0
1;15400;GIFT_BASKET;71057;14;71056;26;;;71070;14;71071;26;;;71063.5;0.0
1;15400;CHOCOLATE;7984;60;7983;78;;;7985;60;7986;78;;;7984.5;0.0
1;15500;CHOCOLATE;7984;96;;;;;7986;96;;;;;7985.0;0.0
1;15500;GIFT_BASKET;71071;18;71070;16;;;71084;18;71086;16;;;71077.5;0.0
1;15500;STRAWBERRIES;4031;233;;;;;4032;53;4033;180;;;4031.5;0.0
1;15500;ROSES;14555;59;;;;;14556;59;;;;;14555.5;0.0
1;15600;GIFT_BASKET;71066;1;71065;17;71064;21;71077;1;71078;17;71079;21;71071.5;0.0
1;15600;CHOCOLATE;7985;103;;;;;7986;53;7987;50;;;7985.5;0.0
1;15600;ROSES;14554;64;;;;;14555;21;14556;43;;;14554.5;0.0
1;15600;STRAWBERRIES;4031;195;;;;;4032;50;4033;145;;;4031.5;0.0
1;15700;STRAWBERRIES;4031;193;;;;;4033;193;;;;;4032.0;0.0
1;15700;ROSES;14554;62;;;;;14555;20;14556;42;;;14554.5;0.0
1;15700;CHOCOLATE;7985;53;7984;53;;;7986;106;;;;;7985.5;0.0
1;15700;GIFT_BASKET;71060;2;71059;18;71058;20;71071;2;71072;18;71073;20;71065.5;0.0
1;15800;ROSES;14553;65;;;;;14555;65;;;;;14554.0;0.0
1;15800;STRAWBERRIES;4032;98;4031;107;;;4033;205;;;;;4032.5;0.0
1;15800;GIFT_BASKET;71067;2;71066;10;71065;28;71078;2;71079;10;71080;28;71072.5;0.0
1;15800;CHOCOLATE;7984;150;;;;;7986;150;;;;;7985.0;0.0
1;15900;CHOCOLATE;7985;40;7984;94;;;7986;40;7987;94;;;7985.5;0.0
1;15900;GIFT_BASKET;71071;1;71070;13;71069;18;71082;1;71083;13;71084;18;71076.5;0.0
1;15900;STRAWBERRIES;4031;250;;;;;4033;250;;;;;4032.0;0.0
1;15900;ROSES;14552;49;;;;;14553;49;;;;;14552.5;0.0
1;16000;CHOCOLATE;7985;61;7984;86;;;7986;147;;;;;7985.5;0.0
1;16000;GIFT_BASKET;71068;2;71067;12;71066;25;71079;2;71080;12;71081;25;71073.5;0.0
1;16000;ROSES;14552;69;;;;;14553;69;;;;;14552.5;0.0
1;16000;STRAWBERRIES;4031;248;;;;;4032;248;;;;;4031.5;0.0
1;16100;STRAWBERRIES;4031;210;;;;;4032;210;;;;;4031.5;0.0
1;16100;ROSES;14549;59;;;;;14550;59;;;;;14549.5;0.0
1;16100;CHOCOLATE;7985;53;7984;97;;;7986;150;;;;;7985.5;0.0
1;16100;GIFT_BASKET;71074;5;71069;1;71068;12;71080;1;71081;12;71082;23;71077.0;0.0
1;16200;ROSES;14552;19;14551;42;;;14553;61;;;;;14552.5;0.0
1;16200;STRAWBERRIES;4031;207;;;;;4033;207;;;;;4032.0;0.0
1;16200;CHOCOLATE;7985;140;;;;;7987;140;;;;;7986.0;0.0
1;16200;GIFT_BASKET;71080;17;71079;19;;;71093;17;71094;19;;;71086.5;0.0
1;16300;CHOCOLATE;7986;112;;;;;7987;39;7988;73;;;7986.5;0.0
1;16300;GIFT_BASKET;71079;1;71078;19;71077;18;71090;1;71091;19;71092;18;71084.5;0.0
1;16300;STRAWBERRIES;4030;194;;;;;4032;206;;;;;4031.0;0.0
1;16300;ROSES;14547;59;;;;;14549;59;;;;;14548.0;0.0
1;16400;CHOCOLATE;7986;43;7985;50;;;7987;43;7988;50;;;7986.5;0.0
1;16400;GIFT_BASKET;71073;2;71072;17;71071;30;71078;7;71084;2;71085;17;71075.5;0.0
1;16400;ROSES;14549;30;14548;33;;;14550;63;;;;;14549.5;0.0
1;16400;STRAWBERRIES;4029;221;;;;;4031;221;;;;;4030.0;0.0
1;16500;STRAWBERRIES;4029;185;;;;;4030;66;4031;119;;;4029.5;0.0
1;16500;ROSES;14545;17;14544;35;;;14546;52;;;;;14545.5;0.0
1;16500;CHOCOLATE;7985;104;;;;;7987;104;;;;;7986.0;0.0
1;16500;GIFT_BASKET;71058;16;71057;17;;;71071;16;71072;17;;;71064.5;0.0
1;16600;ROSES;14549;72;;;;;14550;72;;;;;14549.5;0.0
1;16600;STRAWBERRIES;4029;194;;;;;4031;194;;;;;4030.0;0.0
1;16600;CHOCOLATE;7986;147;;;;;7988;147;;;;;7987.0;0.0
1;16600;GIFT_BASKET;71063;20;71062;25;;;71077;20;71078;25;;;71070.0;0.0
1;16700;CHOCOLATE;7986;124;;;;;7987;46;7988;78;;;7986.5;0.0
1;16700;GIFT_BASKET;71060;18;71059;15;;;71073;18;71074;15;;;71066.5;0.0
1;16700;STRAWBERRIES;4029;194;;;;;4030;78;4031;116;;;4029.5;0.0
1;16700;ROSES;14551;62;;;;;14553;62;;;;;14552.0;0.0
1;16800;CHOCOLATE;7985;127;;;;;7987;127;;;;;7986.0;0.0
1;16800;GIFT_BASKET;71062;2;71061;10;71060;20;71073;2;71074;10;71075;20;71067.5;0.0
1;16800;ROSES;14549;55;;;;;14550;20;14551;35;;;14549.5;0.0
1;16800;STRAWBERRIES;4029;201;;;;;4030;79;4031;122;;;4029.5;0.0
1;16900;STRAWBERRIES;4029;62;4028;129;;;4030;183;;;;;4029.5;0.0
1;16900;ROSES;14548;78;;;;;14549;78;;;;;14548.5;0.0
1;16900;CHOCOLATE;7984;96;;;;;7985;42;7986;54;;;7984.5;0.0
1;16900;GIFT_BASKET;71058;2;71057;18;71056;30;71069;2;71070;18;71071;30;71063.5;0.0
1;17000;ROSES;14545;26;14544;50;;;14546;76;;;;;14545.5;0.0
1;17000;STRAWBERRIES;4029;62;4028;184;;;4030;246;;;;;4029.5;0.0
1;17000;GIFT_BASKET;71050;1;71049;11;71048;26;71061;1;71062;11;71063;26;71055.5;0.0
1;17000;CHOCOLATE;7983;122;;;;;7985;122;;;;;7984.0;0.0
1;17100;GIFT_BASKET;71062;1;71061;10;71060;19;71073;1;71074;10;71075;19;71067.5;0.0
1;17100;CHOCOLATE;7984;137;;;;;7985;63;7986;74;;;7984.5;0.0
1;17100;STRAWBERRIES;4029;74;4028;179;;;4030;253;;;;;4029.5;0.0
1;17100;ROSES;14544;67;;;;;14546;67;;;;;14545.0;0.0
1;17200;GIFT_BASKET;71072;1;71071;11;71070;29;71083;1;71084;11;71085;29;71077.5;0.0
1;17200;CHOCOLATE;7986;36;7985;98;;;7987;36;7988;98;;;7986.5;0.0
1;17200;ROSES;14546;29;14545;36;;;14547;65;;;;;14546.5;0.0
1;17200;STRAWBERRIES;4028;198;;;;;4029;198;;;;;4028.5;0.0
1;17300;STRAWBERRIES;4029;89;4028;127;;;4030;216;;;;;4029.5;0.0
1;17300;ROSES;14553;69;;;;;14554;63;;;;;14553.5;0.0
1;17300;GIFT_BASKET;71085;1;71084;10;71083;18;71096;1;71097;10;71098;18;71090.5;0.0
1;17300;CHOCOLATE;7985;133;;;;;7987;133;;;;;7986.0;0.0
1;17400;ROSES;14549;51;;;;;14550;51;;;;;14549.5;0.0
1;17400;STRAWBERRIES;4029;208;;;;;4030;208;;;;;4029.5;0.0
1;17400;GIFT_BASKET;71075;15;71074;19;;;71089;15;71090;19;;;71082.0;0.0
1;17400;CHOCOLATE;7986;48;7985;90;;;7987;134;;;;;7986.5;0.0
1;17500;GIFT_BASKET;71068;2;71067;16;71066;27;71079;2;71080;16;71081;27;71073.5;0.0
1;17500;CHOCOLATE;7984;115;;;;;7986;115;;;;;7985.0;0.0
1;17500;STRAWBERRIES;4029;235;;;;;4030;235;;;;;4029.5;0.0
1;17500;ROSES;14552;73;;;;;14554;73;;;;;14553.0;0.0
1;17600;GIFT_BASKET;71060;1;71059;10;71058;16;71071;1;71072;10;71073;16;71065.5;0.0
1;17600;CHOCOLATE;7985;133;;;;;7986;61;7987;72;;;7985.5;0.0
1;17600;ROSES;14551;64;;;;;14552;64;;;;;14551.5;0.0
1;17600;STRAWBERRIES;4029;212;;;;;4030;212;;;;;4029.5;0.0
1;17700;STRAWBERRIES;4029;87;4028;109;;;4030;196;;;;;4029.5;0.0
1;17700;ROSES;14552;19;14551;45;;;14553;74;;;;;14552.5;0.0
1;17700;GIFT_BASKET;71067;11;71066;29;;;71080;11;71081;29;;;71073.5;0.0
1;17700;CHOCOLATE;7986;148;;;;;7988;148;;;;;7987.0;0.0
1;17800;ROSES;14554;65;;;;;14555;25;14556;40;;;14554.5;0.0
1;17800;STRAWBERRIES;4029;252;;;;;4030;252;;;;;4029.5;0.0
1;17800;GIFT_BASKET;71080;2;71079;11;71078;25;71091;2;71092;11;71093;25;71085.5;0.0
1;17800;CHOCOLATE;7988;49;7987;53;;;7989;102;;;;;7988.5;0.0
1;17900;GIFT_BASKET;71083;17;71082;29;;;71096;17;71097;29;;;71089.5;0.0
1;17900;CHOCOLATE;7988;117;;;;;7990;117;;;;;7989.0;0.0
1;17900;STRAWBERRIES;4029;235;;;;;4030;81;4031;154;;;4029.5;0.0
1;17900;ROSES;14556;29;14555;46;;;14557;75;;;;;14556.5;0.0
1;18000;GIFT_BASKET;71074;20;71073;28;;;71087;20;71088;28;;;71080.5;0.0
1;18000;CHOCOLATE;7988;36;7987;59;;;7989;95;;;;;7988.5;0.0
1;18000;ROSES;14557;75;;;;;14558;75;;;;;14557.5;0.0
1;18000;STRAWBERRIES;4029;59;4028;145;;;4030;204;;;;;4029.5;0.0
1;18100;ROSES;14556;53;;;;;14557;17;14558;36;;;14556.5;0.0
1;18100;STRAWBERRIES;4029;246;;;;;4030;258;;;;;4029.5;0.0
1;18100;CHOCOLATE;7988;46;7987;88;;;7989;46;7990;88;;;7988.5;0.0
1;18100;GIFT_BASKET;71072;2;71071;17;71070;17;71083;2;71084;17;71085;17;71077.5;0.0
1;18200;ROSES;14556;62;;;;;14557;27;14558;35;;;14556.5;0.0
1;18200;STRAWBERRIES;4029;11;4028;235;;;4030;235;;;;;4029.5;0.0
1;18200;CHOCOLATE;7988;135;;;;;7990;135;;;;;7989.0;0.0
1;18200;GIFT_BASKET;71066;2;71065;20;71064;27;71077;2;71078;20;71079;27;71071.5;0.0
1;18300;CHOCOLATE;7987;65;7986;93;;;7988;158;;;;;7987.5;0.0
1;18300;GIFT_BASKET;71059;14;71057;21;;;71072;14;71073;21;;;71065.5;0.0
1;18300;ROSES;14557;21;14556;45;;;14558;66;;;;;14557.5;0.0
1;18300;STRAWBERRIES;4029;199;;;;;4030;93;4031;106;;;4029.5;0.0
1;18400;CHOCOLATE;7987;136;;;;;7989;136;;;;;7988.0;0.0
1;18400;GIFT_BASKET;71068;1;71067;16;71066;16;71079;1;71080;16;71081;16;71073.5;0.0
1;18400;ROSES;14560;52;;;;;14561;52;;;;;14560.5;0.0
1;18400;STRAWBERRIES;4029;194;;;;;4030;92;4031;102;;;4029.5;0.0
1;18500;ROSES;14556;61;;;;;14557;61;;;;;14556.5;0.0
1;18500;STRAWBERRIES;4029;205;;;;;4030;93;4031;112;;;4029.5;0.0
1;18500;CHOCOLATE;7988;41;7987;93;;;7989;143;;;;;7988.5;0.0
1;18500;GIFT_BASKET;71074;2;71073;10;71072;17;71085;2;71086;10;71087;17;71079.5;0.0
1;18600;ROSES;14554;70;;;;;14556;70;;;;;14555.0;0.0
1;18600;STRAWBERRIES;4029;237;;;;;4030;72;4031;165;;;4029.5;0.0
1;18600;CHOCOLATE;7989;122;;;;;7991;122;;;;;7990.0;0.0
1;18600;GIFT_BASKET;71080;1;71079;14;71078;27;71091;1;71093;14;71094;27;71085.5;0.0
1;18700;CHOCOLATE;7990;135;;;;;7991;65;7992;70;;;7990.5;0.0
1;18700;GIFT_BASKET;71073;20;71072;17;;;71086;20;71088;17;;;71079.5;0.0
1;18700;ROSES;14551;59;;;;;14552;59;;;;;14551.5;0.0
1;18700;STRAWBERRIES;4029;230;;;;;4030;239;;;;;4029.5;0.0
1;18800;CHOCOLATE;7990;127;;;;;7992;127;;;;;7991.0;0.0
1;18800;GIFT_BASKET;71078;19;71077;26;;;71091;19;71092;26;;;71084.5;0.0
1;18800;ROSES;14548;75;;;;;14549;26;14550;49;;;14548.5;0.0
1;18800;STRAWBERRIES;4029;254;;;;;4030;67;4031;187;;;4029.5;0.0
1;18900;ROSES;14546;66;;;;;14547;66;;;;;14546.5;0.0
1;18900;STRAWBERRIES;4029;225;;;;;4031;225;;;;;4030.0;0.0
1;18900;CHOCOLATE;7989;58;7988;58;;;7990;58;7991;58;;;7989.5;0.0
1;18900;GIFT_BASKET;71079;15;71078;26;;;71092;15;71093;26;;;71085.5;0.0
1;19000;ROSES;14549;74;;;;;14550;74;;;;;14549.5;0.0
1;19000;STRAWBERRIES;4029;245;;;;;4031;245;;;;;4030.0;0.0
1;19000;CHOCOLATE;7988;115;;;;;7990;115;;;;;7989.0;0.0
1;19000;GIFT_BASKET;71090;1;71089;19;71088;26;71101;1;71102;19;71103;26;71095.5;0.0
1;19100;CHOCOLATE;7989;44;7988;84;;;7990;119;;;;;7989.5;0.0
1;19100;GIFT_BASKET;71104;2;71103;20;71102;30;71115;2;71116;20;71117;30;71109.5;0.0
1;19100;ROSES;14555;73;;;;;14556;30;14557;43;;;14555.5;0.0
1;19100;STRAWBERRIES;4029;229;;;;;4031;229;;;;;4030.0;0.0
1;19200;GIFT_BASKET;71113;19;71112;30;;;71126;19;71127;30;;;71119.5;0.0
1;19200;CHOCOLATE;7990;38;7989;96;;;7991;38;7992;96;;;7990.5;0.0
1;19200;ROSES;14559;68;;;;;14560;68;;;;;14559.5;0.0
1;19200;STRAWBERRIES;4030;96;4029;163;;;4031;259;;;;;4030.5;0.0
1;19300;ROSES;14555;58;;;;;14557;58;;;;;14556.0;0.0
1;19300;CHOCOLATE;7991;38;7990;92;;;7992;38;7993;92;;;7991.5;0.0
1;19300;GIFT_BASKET;71117;2;71116;10;71115;22;71128;2;71129;10;71130;22;71122.5;0.0
1;19300;STRAWBERRIES;4030;268;;;;;4032;268;;;;;4031.0;0.0
1;19400;CHOCOLATE;7991;61;7990;94;;;7992;61;7993;94;;;7991.5;0.0
1;19400;ROSES;14556;18;14555;33;;;14557;51;;;;;14556.5;0.0
1;19400;STRAWBERRIES;4030;241;;;;;4031;94;4032;147;;;4030.5;0.0
1;19400;GIFT_BASKET;71113;2;71112;20;71111;18;71124;2;71125;20;71126;18;71118.5;0.0
1;19500;GIFT_BASKET;71114;14;71113;19;;;71127;14;71128;19;;;71120.5;0.0
1;19500;STRAWBERRIES;4030;203;;;;;4031;68;4032;135;;;4030.5;0.0
1;19500;ROSES;14552;60;;;;;14554;60;;;;;14553.0;0.0
1;19500;CHOCOLATE;7992;49;7991;68;;;7993;123;;;;;7992.5;0.0
1;19600;STRAWBERRIES;4030;272;;;;;4032;272;;;;;4031.0;0.0
1;19600;GIFT_BASKET;71116;1;71115;16;71114;24;71127;1;71128;16;71130;24;71121.5;0.0
1;19600;CHOCOLATE;7991;142;;;;;7992;53;7993;89;;;7991.5;0.0
1;19600;ROSES;14554;24;14553;45;;;14555;69;;;;;14554.5;0.0
1;19700;ROSES;14557;59;;;;;14559;59;;;;;14558.0;0.0
1;19700;CHOCOLATE;7992;119;;;;;7993;37;7994;82;;;7992.5;0.0
1;19700;GIFT_BASKET;71119;7;71114;2;71113;10;71125;2;71126;10;71127;15;71122.0;0.0
1;19700;STRAWBERRIES;4030;197;;;;;4032;197;;;;;4031.0;0.0
1;19800;CHOCOLATE;7992;105;;;;;7993;44;7994;61;;;7992.5;0.0
1;19800;ROSES;14559;62;;;;;14560;62;;;;;14559.5;0.0
1;19800;STRAWBERRIES;4030;204;;;;;4032;204;;;;;4031.0;0.0
1;19800;GIFT_BASKET;71117;2;71116;14;71115;25;71128;2;71129;14;71130;25;71122.5;0.0
1;19900;GIFT_BASKET;71119;1;71118;14;71117;29;71124;7;71130;1;71131;14;71121.5;0.0
1;19900;STRAWBERRIES;4030;170;;;;;4032;170;;;;;4031.0;0.0
1;19900;ROSES;14561;79;;;;;14563;79;;;;;14562.0;0.0
1;19900;CHOCOLATE;7991;42;7990;69;;;7992;48;7993;69;;;7991.5;0.0
1;20000;STRAWBERRIES;4030;229;;;;;4031;95;4032;134;;;4030.5;0.0
1;20000;GIFT_BASKET;71118;11;71117;19;;;71131;11;71132;19;;;71124.5;0.0
1;20000;CHOCOLATE;7990;148;;;;;7992;148;;;;;7991.0;0.0
1;20000;ROSES;14561;65;;;;;14562;65;;;;;14561.5;0.0
1;20100;ROSES;14555;63;;;;;14557;63;;;;;14556.0;0.0
1;20100;CHOCOLATE;7992;94;;;;;7994;94;;;;;7993.0;0.0
1;20100;GIFT_BASKET;71123;1;71122;12;71121;18;71134;1;71135;12;71136;18;71128.5;0.0
1;20100;STRAWBERRIES;4031;254;;;;;4032;254;;;;;4031.5;0.0
1;20200;CHOCOLATE;7992;63;7991;80;;;7993;63;7994;80;;;7992.5;0.0
1;20200;ROSES;14550;54;;;;;14551;54;;;;;14550.5;0.0
1;20200;STRAWBERRIES;4031;218;;;;;4033;218;;;;;4032.0;0.0
1;20200;GIFT_BASKET;71127;8;71121;16;71120;18;71134;16;71135;18;;;71130.5;0.0
1;20300;STRAWBERRIES;4031;237;;;;;4033;237;;;;;4032.0;0.0
1;20300;ROSES;14549;77;;;;;14551;77;;;;;14550.0;0.0
1;20300;CHOCOLATE;7990;111;;;;;7992;111;;;;;7991.0;0.0
1;20300;GIFT_BASKET;71110;17;71109;27;;;71123;17;71125;27;;;71116.5;0.0
1;20400;STRAWBERRIES;4031;251;;;;;4032;251;;;;;4031.5;0.0
1;20400;CHOCOLATE;7992;131;;;;;7994;131;;;;;7993.0;0.0
1;20400;GIFT_BASKET;71120;1;71119;18;71117;27;71131;1;71132;18;71133;27;71125.5;0.0
1;20400;ROSES;14551;60;;;;;14552;27;14553;33;;;14551.5;0.0
1;20500;ROSES;14555;21;14554;40;;;14556;61;;;;;14555.5;0.0
1;20500;CHOCOLATE;7993;131;;;;;7994;55;7995;76;;;7993.5;0.0
1;20500;GIFT_BASKET;71128;1;71127;18;71126;21;71139;1;71140;18;71142;21;71133.5;0.0
1;20500;STRAWBERRIES;4031;76;4030;200;;;4032;276;;;;;4031.5;0.0
1;20600;CHOCOLATE;7993;56;7992;62;;;7994;118;;;;;7993.5;0.0
1;20600;GIFT_BASKET;71123;1;71122;16;71121;22;71134;1;71135;16;71136;22;71128.5;0.0
1;20600;ROSES;14554;22;14553;41;;;14555;63;;;;;14554.5;0.0
1;20600;STRAWBERRIES;4030;220;;;;;4032;220;;;;;4031.0;0.0
1;20700;STRAWBERRIES;4030;224;;;;;4032;224;;;;;4031.0;0.0
1;20700;ROSES;14554;76;;;;;14555;69;;;;;14554.5;0.0
1;20700;CHOCOLATE;7993;48;7992;67;;;7994;48;7995;67;;;7993.5;0.0
1;20700;GIFT_BASKET;71125;11;71124;27;;;71138;11;71139;27;;;71131.5;0.0
1;20800;STRAWBERRIES;4030;259;;;;;4031;12;4032;259;;;4030.5;0.0
1;20800;CHOCOLATE;7994;6;7993;113;;;7995;113;;;;;7994.5;0.0
1;20800;GIFT_BASKET;71129;2;71128;19;71127;17;71140;2;71141;19;71142;17;71134.5;0.0
1;20800;ROSES;14555;17;14554;49;;;14556;66;;;;;14555.5;0.0
1;20900;ROSES;14558;26;14557;43;;;14559;69;;;;;14558.5;0.0
1;20900;CHOCOLATE;7994;44;7993;96;;;7995;44;7996;96;;;7994.5;0.0
1;20900;GIFT_BASKET;71136;2;71135;17;71134;26;71147;2;71148;17;71149;26;71141.5;0.0
1;20900;STRAWBERRIES;4030;247;;;;;4032;247;;;;;4031.0;0.0
1;21000;CHOCOLATE;7994;47;7993;51;;;7995;47;7996;51;;;7994.5;0.0
1;21000;GIFT_BASKET;71133;1;71132;17;71131;20;71144;1;71145;17;71146;20;71138.5;0.0
1;21000;ROSES;14557;60;;;;;14559;60;;;;;14558.0;0.0
1;21000;STRAWBERRIES;4031;246;;;;;4032;246;;;;;4031.5;0.0
1;21100;STRAWBERRIES;4031;293;;;;;4032;95;4033;198;;;4031.5;0.0
1;21100;ROSES;14554;66;;;;;14556;66;;;;;14555.0;0.0
1;21100;CHOCOLATE;7994;43;7993;95;;;7995;43;7996;95;;;7994.5;0.0
1;21100;GIFT_BASKET;71124;11;71123;21;;;71130;6;71137;11;71138;21;71127.0;0.0
1;21200;STRAWBERRIES;4031;246;;;;;4033;246;;;;;4032.0;0.0
1;21200;CHOCOLATE;7996;44;7995;93;;;7997;137;;;;;7996.5;0.0
1;21200;GIFT_BASKET;71129;12;71128;29;;;71142;12;71143;29;;;71135.5;0.0
1;21200;ROSES;14557;65;;;;;14559;65;;;;;14558.0;0.0
1;21300;ROSES;14558;51;;;;;14560;51;;;;;14559.0;0.0
1;21300;CHOCOLATE;7995;39;7994;85;;;7996;39;7997;85;;;7995.5;0.0
1;21300;GIFT_BASKET;71130;18;71129;21;;;71131;4;71143;18;71145;21;71130.5;0.0
1;21300;STRAWBERRIES;4032;235;;;;;4033;235;;;;;4032.5;0.0
1;21400;GIFT_BASKET;71127;1;71126;14;71125;22;71138;1;71139;14;71140;22;71132.5;0.0
1;21400;CHOCOLATE;7994;117;;;;;7995;61;7996;56;;;7994.5;0.0
1;21400;ROSES;14560;22;14559;43;;;14561;65;;;;;14560.5;0.0
1;21400;STRAWBERRIES;4032;242;;;;;4034;242;;;;;4033.0;0.0
1;21500;STRAWBERRIES;4033;58;4032;168;;;4034;226;;;;;4033.5;0.0
1;21500;ROSES;14556;62;;;;;14557;62;;;;;14556.5;0.0
1;21500;GIFT_BASKET;71119;2;71118;19;71116;24;71130;2;71131;19;71132;24;71124.5;0.0
1;21500;CHOCOLATE;7992;8;7991;107;;;7993;107;;;;;7992.5;0.0
1;21600;STRAWBERRIES;4032;274;;;;;4034;274;;;;;4033.0;0.0
1;21600;GIFT_BASKET;71127;3;71122;2;71121;16;71133;2;71134;16;71135;25;71130.0;0.0
1;21600;CHOCOLATE;7991;135;;;;;7992;37;7993;98;;;7991.5;0.0
1;21600;ROSES;14556;63;;;;;14557;63;;;;;14556.5;0.0
1;21700;ROSES;14551;64;;;;;14552;27;14553;37;;;14551.5;0.0
1;21700;GIFT_BASKET;71115;2;71114;16;71113;27;71126;2;71127;16;71128;27;71120.5;0.0
1;21700;CHOCOLATE;7990;142;;;;;7992;142;;;;;7991.0;0.0
1;21700;STRAWBERRIES;4032;254;;;;;4034;254;;;;;4033.0;0.0
1;21800;GIFT_BASKET;71119;1;71118;17;71117;20;71130;1;71131;17;71132;20;71124.5;0.0
1;21800;CHOCOLATE;7992;58;7991;98;;;7993;58;7994;98;;;7992.5;0.0
1;21800;ROSES;14545;63;;;;;14547;63;;;;;14546.0;0.0
1;21800;STRAWBERRIES;4032;260;;;;;4034;260;;;;;4033.0;0.0
1;21900;STRAWBERRIES;4032;244;;;;;4034;244;;;;;4033.0;0.0
1;21900;ROSES;14545;18;14544;43;;;14546;61;;;;;14545.5;0.0
1;21900;GIFT_BASKET;71113;14;71112;18;;;71126;14;71127;18;;;71119.5;0.0
1;21900;CHOCOLATE;7992;65;7991;92;;;7993;157;;;;;7992.5;0.0
1;22000;STRAWBERRIES;4032;194;;;;;4034;194;;;;;4033.0;0.0
1;22000;GIFT_BASKET;71131;8;71126;2;71124;17;71137;2;71138;17;71139;28;71134.0;0.0
1;22000;CHOCOLATE;7992;145;;;;;7994;145;;;;;7993.0;0.0
1;22000;ROSES;14543;73;;;;;14545;73;;;;;14544.0;0.0
1;22100;ROSES;14545;62;;;;;14546;28;14547;34;;;14545.5;0.0
1;22100;GIFT_BASKET;71115;19;71114;28;;;71128;19;71130;28;;;71121.5;0.0
1;22100;CHOCOLATE;7992;92;;;;;7993;38;7994;54;;;7992.5;0.0
1;22100;STRAWBERRIES;4033;54;4032;151;;;4034;205;;;;;4033.5;0.0
1;22200;GIFT_BASKET;71128;19;71127;29;;;71141;19;71142;29;;;71134.5;0.0
1;22200;CHOCOLATE;7994;37;7993;82;;;7995;37;7996;82;;;7994.5;0.0
1;22200;ROSES;14549;68;;;;;14550;29;14551;39;;;14549.5;0.0
1;22200;STRAWBERRIES;4032;282;;;;;4034;282;;;;;4033.0;0.0
1;22300;STRAWBERRIES;4032;254;;;;;4033;86;4034;168;;;4032.5;0.0
1;22300;ROSES;14549;69;;;;;14550;69;;;;;14549.5;0.0
1;22300;GIFT_BASKET;71129;3;71124;2;71123;20;71135;2;71136;20;71137;20;71132.0;0.0
1;22300;CHOCOLATE;7992;131;;;;;7993;45;7994;86;;;7992.5;0.0
1;22400;ROSES;14554;65;;;;;14555;21;14556;44;;;14554.5;0.0
1;22400;STRAWBERRIES;4032;224;;;;;4034;224;;;;;4033.0;0.0
1;22400;GIFT_BASKET;71149;3;71144;1;71143;20;71155;1;71156;20;71157;21;71152.0;0.0
1;22400;CHOCOLATE;7994;45;7993;78;;;7995;123;;;;;7994.5;0.0
1;22500;CHOCOLATE;7992;122;;;;;7993;57;7994;65;;;7992.5;0.0
1;22500;GIFT_BASKET;71141;12;71140;18;;;71154;12;71155;18;;;71147.5;0.0
1;22500;ROSES;14552;53;;;;;14554;53;;;;;14553.0;0.0
1;22500;STRAWBERRIES;4032;255;;;;;4034;255;;;;;4033.0;0.0
1;22600;CHOCOLATE;7991;63;7990;59;;;7992;63;7993;59;;;7991.5;0.0
1;22600;GIFT_BASKET;71138;1;71137;12;71136;20;71149;1;71150;12;71151;20;71143.5;0.0
1;22600;ROSES;14554;61;;;;;14556;61;;;;;14555.0;0.0
1;22600;STRAWBERRIES;4033;11;4032;237;;;4034;237;;;;;4033.5;0.0
1;22700;ROSES;14551;54;;;;;14552;54;;;;;14551.5;0.0
1;22700;STRAWBERRIES;4033;94;4032;117;;;4034;211;;;;;4033.5;0.0
1;22700;CHOCOLATE;7991;47;7990;94;;;7992;141;;;;;7991.5;0.0
1;22700;GIFT_BASKET;71142;1;71141;10;71140;21;71153;1;71154;10;71155;21;71147.5;0.0
1;22800;ROSES;14551;76;;;;;14553;76;;;;;14552.0;0.0
1;22800;STRAWBERRIES;4033;54;4032;154;;;4034;208;;;;;4033.5;0.0
1;22800;CHOCOLATE;7991;48;7990;54;;;7992;102;;;;;7991.5;0.0
1;22800;GIFT_BASKET;71145;1;71144;17;71143;26;71156;1;71157;17;71158;26;71150.5;0.0
1;22900;CHOCOLATE;7990;114;;;;;7991;59;7992;55;;;7990.5;0.0
1;22900;GIFT_BASKET;71133;1;71132;10;71131;27;71144;1;71145;10;71146;27;71138.5;0.0
1;22900;ROSES;14550;72;;;;;14552;72;;;;;14551.0;0.0
1;22900;STRAWBERRIES;4032;201;;;;;4033;55;4034;146;;;4032.5;0.0
1;23000;CHOCOLATE;7992;53;7991;68;;;7993;53;7994;68;;;7992.5;0.0
1;23000;GIFT_BASKET;71143;1;71142;17;71141;24;71154;1;71155;17;71156;24;71148.5;0.0
1;23000;ROSES;14550;24;14549;39;;;14551;63;;;;;14550.5;0.0
1;23000;STRAWBERRIES;4032;233;;;;;4033;233;;;;;4032.5;0.0
1;23100;ROSES;14551;66;;;;;14553;66;;;;;14552.0;0.0
1;23100;STRAWBERRIES;4032;261;;;;;4033;100;4034;152;;;4032.5;0.0
1;23100;CHOCOLATE;7994;57;7993;100;;;7995;157;;;;;7994.5;0.0
1;23100;GIFT_BASKET;71146;2;71145;15;71144;23;71151;1;71157;2;71158;15;71148.5;0.0
1;23200;ROSES;14546;46;;;;;14547;15;14548;31;;;14546.5;0.0
1;23200;STRAWBERRIES;4032;212;;;;;4034;212;;;;;4033.0;0.0
1;23200;CHOCOLATE;7993;58;7992;79;;;7994;58;7995;79;;;7993.5;0.0
1;23200;GIFT_BASKET;71136;1;71135;18;71134;15;71147;1;71148;18;71150;15;71141.5;0.0
1;23300;CHOCOLATE;7993;50;7992;85;;;7994;135;;;;;7993.5;0.0
1;23300;GIFT_BASKET;71127;2;71126;19;71125;20;71138;2;71139;19;71140;20;71132.5;0.0
1;23300;ROSES;14546;68;;;;;14548;68;;;;;14547.0;0.0
1;23300;STRAWBERRIES;4032;206;;;;;4034;206;;;;;4033.0;0.0
1;23400;CHOCOLATE;7992;38;7991;78;;;7993;38;7994;78;;;7992.5;0.0
1;23400;GIFT_BASKET;71131;1;71130;14;71129;23;71142;1;71143;14;71144;23;71136.5;0.0
1;23400;ROSES;14544;57;;;;;14545;23;14546;34;;;14544.5;0.0
1;23400;STRAWBERRIES;4033;78;4032;181;;;4034;259;;;;;4033.5;0.0
1;23500;ROSES;14544;68;;;;;14546;68;;;;;14545.0;0.0
1;23500;STRAWBERRIES;4033;192;;;;;4035;192;;;;;4034.0;0.0
1;23500;CHOCOLATE;7992;99;;;;;7994;99;;;;;7993.0;0.0
1;23500;GIFT_BASKET;71134;1;71133;16;71132;23;71145;1;71146;16;71147;23;71139.5;0.0
1;23600;ROSES;14545;74;;;;;14547;74;;;;;14546.0;0.0
1;23600;STRAWBERRIES;4034;69;4033;162;;;4035;231;;;;;4034.5;0.0
1;23600;GIFT_BASKET;71140;2;71139;13;71138;27;71151;2;71152;13;71153;27;71145.5;0.0
1;23600;CHOCOLATE;7992;132;;;;;7993;63;7994;69;;;7992.5;0.0
1;23700;GIFT_BASKET;71128;1;71127;10;71126;23;71139;1;71140;10;71141;23;71133.5;0.0
1;23700;CHOCOLATE;7991;140;;;;;7992;63;7993;77;;;7991.5;0.0
1;23700;STRAWBERRIES;4033;242;;;;;4035;242;;;;;4034.0;0.0
1;23700;ROSES;14544;61;;;;;14546;61;;;;;14545.0;0.0
1;23800;GIFT_BASKET;71127;13;71126;20;;;71140;13;71141;20;;;71133.5;0.0
1;23800;CHOCOLATE;7992;56;7991;63;;;7993;56;7994;63;;;7992.5;0.0
1;23800;ROSES;14543;50;;;;;14545;50;;;;;14544.0;0.0
1;23800;STRAWBERRIES;4033;216;;;;;4035;216;;;;;4034.0;0.0
1;23900;STRAWBERRIES;4033;196;;;;;4035;196;;;;;4034.0;0.0
1;23900;ROSES;14540;73;;;;;14541;25;14542;48;;;14540.5;0.0
1;23900;CHOCOLATE;7991;150;;;;;7993;145;;;;;7992.0;0.0
1;23900;GIFT_BASKET;71135;12;71134;25;;;71148;12;71149;25;;;71141.5;0.0
1;24000;ROSES;14542;24;14541;30;;;14543;54;;;;;14542.5;0.0
1;24000;STRAWBERRIES;4034;168;;;;;4035;64;4036;104;;;4034.5;0.0
1;24000;GIFT_BASKET;71127;18;71126;24;;;71140;18;71141;24;;;71133.5;0.0
1;24000;CHOCOLATE;7992;99;;;;;7993;35;7994;64;;;7992.5;0.0
1;24100;CHOCOLATE;7992;111;;;;;7994;111;;;;;7993.0;0.0
1;24100;GIFT_BASKET;71142;5;71132;2;71131;17;71143;2;71144;17;71145;23;71142.5;0.0
1;24100;STRAWBERRIES;4035;76;4034;112;;;4036;188;;;;;4035.5;0.0
1;24100;ROSES;14540;23;14539;32;;;14541;55;;;;;14540.5;0.0
1;24200;GIFT_BASKET;71131;1;71130;16;71129;22;71142;1;71143;16;71144;22;71136.5;0.0
1;24200;CHOCOLATE;7992;132;;;;;7994;132;;;;;7993.0;0.0
1;24200;ROSES;14541;67;;;;;14542;67;;;;;14541.5;0.0
1;24200;STRAWBERRIES;4035;178;;;;;4037;178;;;;;4036.0;0.0
1;24300;STRAWBERRIES;4035;201;;;;;4037;201;;;;;4036.0;0.0
1;24300;ROSES;14537;55;;;;;14538;55;;;;;14537.5;0.0
1;24300;CHOCOLATE;7991;146;;;;;7993;146;;;;;7992.0;0.0
1;24300;GIFT_BASKET;71112;17;71111;20;;;71125;17;71126;20;;;71118.5;0.0
1;24400;ROSES;14541;61;;;;;14542;61;;;;;14541.5;0.0
1;24400;STRAWBERRIES;4035;250;;;;;4037;250;;;;;4036.0;0.0
1;24400;GIFT_BASKET;71120;1;71119;13;71117;26;71131;1;71132;13;71133;26;71125.5;0.0
1;24400;CHOCOLATE;7991;142;;;;;7992;63;7993;79;;;7991.5;0.0
1;24500;CHOCOLATE;7993;49;7992;63;;;7994;49;7995;63;;;7993.5;0.0
1;24500;GIFT_BASKET;71127;2;71126;18;71125;26;71138;2;71139;18;71140;26;71132.5;0.0
1;24500;STRAWBERRIES;4035;182;;;;;4037;182;;;;;4036.0;0.0
1;24500;ROSES;14538;64;;;;;14539;64;;;;;14538.5;0.0
1;24600;GIFT_BASKET;71127;2;71126;15;71125;20;71138;2;71139;15;71140;20;71132.5;0.0
1;24600;CHOCOLATE;7992;124;;;;;7993;51;7994;73;;;7992.5;0.0
1;24600;ROSES;14541;53;;;;;14542;20;14543;33;;;14541.5;0.0
1;24600;STRAWBERRIES;4035;240;;;;;4037;240;;;;;4036.0;0.0
1;24700;STRAWBERRIES;4036;255;;;;;4037;246;;;;;4036.5;0.0
1;24700;ROSES;14540;56;;;;;14541;56;;;;;14540.5;0.0
1;24700;CHOCOLATE;7992;109;;;;;7994;109;;;;;7993.0;0.0
1;24700;GIFT_BASKET;71127;2;71126;13;71125;26;71132;8;71138;2;71139;13;71129.5;0.0
1;24800;ROSES;14541;61;;;;;14543;61;;;;;14542.0;0.0
1;24800;STRAWBERRIES;4036;203;;;;;4037;203;;;;;4036.5;0.0
1;24800;CHOCOLATE;7993;134;;;;;7994;50;7995;84;;;7993.5;0.0
1;24800;GIFT_BASKET;71136;12;71135;18;;;71149;12;71150;18;;;71142.5;0.0
1;24900;CHOCOLATE;7992;125;;;;;7994;125;;;;;7993.0;0.0
1;24900;GIFT_BASKET;71124;14;71123;23;;;71137;14;71138;23;;;71130.5;0.0
1;24900;STRAWBERRIES;4035;261;;;;;4037;261;;;;;4036.0;0.0
1;24900;ROSES;14541;66;;;;;14542;66;;;;;14541.5;0.0
1;25000;CHOCOLATE;7992;103;;;;;7993;35;7994;68;;;7992.5;0.0
1;25000;GIFT_BASKET;71125;1;71124;16;71122;15;71136;1;71137;16;71138;15;71130.5;0.0
1;25000;ROSES;14543;53;;;;;14544;53;;;;;14543.5;0.0
1;25000;STRAWBERRIES;4035;220;;;;;4036;68;4037;152;;;4035.5;0.0
1;25100;STRAWBERRIES;4035;248;;;;;4036;100;4037;148;;;4035.5;0.0
1;25100;ROSES;14543;65;;;;;14544;65;;;;;14543.5;0.0
1;25100;CHOCOLATE;7991;147;;;;;7992;5;7993;147;;;7991.5;0.0
1;25100;GIFT_BASKET;71118;1;71117;15;71116;28;71129;1;71130;15;71131;28;71123.5;0.0
1;25200;ROSES;14546;70;;;;;14548;70;;;;;14547.0;0.0
1;25200;STRAWBERRIES;4035;52;4034;144;;;4036;196;;;;;4035.5;0.0
1;25200;CHOCOLATE;7991;106;;;;;7993;106;;;;;7992.0;0.0
1;25200;GIFT_BASKET;71108;2;71107;18;71106;20;71119;2;71120;18;71121;20;71113.5;0.0
1;25300;CHOCOLATE;7990;125;;;;;7992;125;;;;;7991.0;0.0
1;25300;GIFT_BASKET;71106;1;71105;11;71104;16;71111;1;71117;1;71118;11;71108.5;0.0
1;25300;STRAWBERRIES;4035;76;4034;170;;;4036;246;;;;;4035.5;0.0
1;25300;ROSES;14548;48;;;;;14550;48;;;;;14549.0;0.0
1;25400;CHOCOLATE;7989;53;7988;58;;;7990;111;;;;;7989.5;0.0
1;25400;GIFT_BASKET;71096;2;71095;10;71093;30;71107;2;71108;10;71109;30;71101.5;0.0
1;25400;ROSES;14550;60;;;;;14551;30;14552;30;;;14550.5;0.0
1;25400;STRAWBERRIES;4034;255;;;;;4036;255;;;;;4035.0;0.0
1;25500;STRAWBERRIES;4034;156;;;;;4035;52;4036;104;;;4034.5;0.0
1;25500;ROSES;14555;72;;;;;14556;72;;;;;14555.5;0.0
1;25500;CHOCOLATE;7990;110;;;;;7991;58;7992;52;;;7990.5;0.0
1;25500;GIFT_BASKET;71104;1;71103;19;71101;28;71115;1;71116;19;71117;28;71109.5;0.0
1;25600;ROSES;14553;64;;;;;14554;64;;;;;14553.5;0.0
1;25600;STRAWBERRIES;4034;234;;;;;4036;234;;;;;4035.0;0.0
1;25600;CHOCOLATE;7991;117;;;;;7993;117;;;;;7992.0;0.0
1;25600;GIFT_BASKET;71105;11;71104;22;;;71118;11;71119;22;;;71111.5;0.0
1;25700;CHOCOLATE;7991;149;;;;;7993;149;;;;;7992.0;0.0
1;25700;GIFT_BASKET;71107;1;71106;12;71105;18;71118;1;71119;12;71120;18;71112.5;0.0
1;25700;STRAWBERRIES;4034;292;;;;;4035;292;;;;;4034.5;0.0
1;25700;ROSES;14557;18;14556;35;;;14558;53;;;;;14557.5;0.0
1;25800;CHOCOLATE;7991;139;;;;;7993;139;;;;;7992.0;0.0
1;25800;GIFT_BASKET;71101;2;71100;20;71099;17;71112;2;71113;20;71114;17;71106.5;0.0
1;25800;ROSES;14557;51;;;;;14558;51;;;;;14557.5;0.0
1;25800;STRAWBERRIES;4033;193;;;;;4035;193;;;;;4034.0;0.0
1;25900;STRAWBERRIES;4034;57;4033;176;;;4035;233;;;;;4034.5;0.0
1;25900;ROSES;14553;19;14552;41;;;14554;60;;;;;14553.5;0.0
1;25900;GIFT_BASKET;71108;2;71107;11;71106;19;71119;2;71120;11;71121;19;71113.5;0.0
1;25900;CHOCOLATE;7990;58;7989;57;;;7991;48;7992;57;;;7990.5;0.0
1;26000;ROSES;14554;66;;;;;14555;66;;;;;14554.5;0.0
1;26000;STRAWBERRIES;4033;263;;;;;4035;263;;;;;4034.0;0.0
1;26000;GIFT_BASKET;71098;10;71097;27;;;71111;10;71112;27;;;71104.5;0.0
1;26000;CHOCOLATE;7989;145;;;;;7990;62;7991;83;;;7989.5;0.0
1;26100;GIFT_BASKET;71119;1;71118;13;71117;27;71130;1;71131;13;71132;27;71124.5;0.0
1;26100;CHOCOLATE;7990;131;;;;;7992;131;;;;;7991.0;0.0
1;26100;STRAWBERRIES;4034;291;;;;;4035;94;4036;197;;;4034.5;0.0
1;26100;ROSES;14553;73;;;;;14555;73;;;;;14554.0;0.0
1;26200;GIFT_BASKET;71121;2;71120;13;71119;30;71132;2;71133;13;71134;30;71126.5;0.0
1;26200;CHOCOLATE;7990;46;7989;65;;;7991;111;;;;;7990.5;0.0
1;26200;ROSES;14558;69;;;;;14559;30;14560;39;;;14558.5;0.0
1;26200;STRAWBERRIES;4034;168;;;;;4036;168;;;;;4035.0;0.0
1;26300;STRAWBERRIES;4034;252;;;;;4035;83;4036;169;;;4034.5;0.0
1;26300;ROSES;14557;20;14556;30;;;14558;50;;;;;14557.5;0.0
1;26300;GIFT_BASKET;71126;1;71125;16;71124;20;71137;1;71138;16;71139;20;71131.5;0.0
1;26300;CHOCOLATE;7991;138;;;;;7993;138;;;;;7992.0;0.0
1;26400;ROSES;14557;49;;;;;14558;49;;;;;14557.5;0.0
1;26400;STRAWBERRIES;4034;243;;;;;4035;54;4036;189;;;4034.5;0.0
1;26400;GIFT_BASKET;71126;5;71120;19;71119;15;71133;19;71134;15;;;71129.5;0.0
1;26400;CHOCOLATE;7991;110;;;;;7993;110;;;;;7992.0;0.0
1;26500;GIFT_BASKET;71118;1;71117;16;71116;28;71129;1;71130;16;71131;28;71123.5;0.0
1;26500;CHOCOLATE;7991;154;;;;;7993;154;;;;;7992.0;0.0
1;26500;STRAWBERRIES;4034;282;;;;;4036;282;;;;;4035.0;0.0
1;26500;ROSES;14557;69;;;;;14559;69;;;;;14558.0;0.0
1;26600;GIFT_BASKET;71133;2;71132;15;71131;17;71144;2;71145;15;71147;17;71138.5;0.0
1;26600;CHOCOLATE;7993;110;;;;;7994;58;7995;52;;;7993.5;0.0
1;26600;ROSES;14552;65;;;;;14553;17;14554;48;;;14552.5;0.0
1;26600;STRAWBERRIES;4035;52;4034;106;;;4036;158;;;;;4035.5;0.0
1;26700;STRAWBERRIES;4035;204;;;;;4036;204;;;;;4035.5;0.0
1;26700;ROSES;14554;16;14553;43;;;14555;59;;;;;14554.5;0.0
1;26700;GIFT_BASKET;71142;14;71141;16;;;71155;14;71156;16;;;71148.5;0.0
1;26700;CHOCOLATE;7994;119;;;;;7995;52;7996;67;;;7994.5;0.0
1;26800;ROSES;14551;20;14550;44;;;14552;64;;;;;14551.5;0.0
1;26800;STRAWBERRIES;4035;211;;;;;4036;59;4037;152;;;4035.5;0.0
1;26800;GIFT_BASKET;71134;15;71133;20;;;71147;15;71149;20;;;71140.5;0.0
1;26800;CHOCOLATE;7993;65;7992;59;;;7994;124;;;;;7993.5;0.0
1;26900;GIFT_BASKET;71139;15;71138;16;;;71152;15;71153;16;;;71145.5;0.0
1;26900;CHOCOLATE;7993;98;;;;;7995;98;;;;;7994.0;0.0
1;26900;ROSES;14555;16;14554;44;;;14556;60;;;;;14555.5;0.0
1;26900;STRAWBERRIES;4035;205;;;;;4036;58;4037;147;;;4035.5;0.0
1;27000;CHOCOLATE;7994;65;7993;73;;;7995;65;7996;73;;;7994.5;0.0
1;27000;GIFT_BASKET;71142;1;71141;11;71140;19;71153;1;71154;11;71155;19;71147.5;0.0
1;27000;ROSES;14559;65;;;;;14561;65;;;;;14560.0;0.0
1;27000;STRAWBERRIES;4035;254;;;;;4037;254;;;;;4036.0;0.0
1;27100;ROSES;14559;67;;;;;14561;67;;;;;14560.0;0.0
1;27100;STRAWBERRIES;4036;89;4035;138;;;4037;227;;;;;4036.5;0.0
1;27100;CHOCOLATE;7994;48;7993;89;;;7995;137;;;;;7994.5;0.0
1;27100;GIFT_BASKET;71149;2;71148;16;71147;28;71160;2;71161;16;71162;28;71154.5;0.0
1;27200;ROSES;14555;61;;;;;14556;61;;;;;14555.5;0.0
1;27200;STRAWBERRIES;4036;65;4035;107;;;4037;172;;;;;4036.5;0.0
1;27200;CHOCOLATE;7993;64;7992;65;;;7994;129;;;;;7993.5;0.0
1;27200;GIFT_BASKET;71141;2;71140;15;71139;29;71152;2;71153;15;71154;29;71146.5;0.0
1;27300;CHOCOLATE;7992;100;;;;;7993;45;7994;55;;;7992.5;0.0
1;27300;GIFT_BASKET;71138;13;71137;28;;;71151;13;71152;28;;;71144.5;0.0
1;27300;ROSES;14555;77;;;;;14557;77;;;;;14556.0;0.0
1;27300;STRAWBERRIES;4036;212;;;;;4038;212;;;;;4037.0;0.0
1;27400;CHOCOLATE;7993;52;7992;60;;;7994;112;;;;;7993.5;0.0
1;27400;GIFT_BASKET;71138;1;71137;17;71136;23;71149;1;71150;17;71151;23;71143.5;0.0
1;27400;ROSES;14556;68;;;;;14557;65;;;;;14556.5;0.0
1;27400;STRAWBERRIES;4036;169;;;;;4038;169;;;;;4037.0;0.0
1;27500;ROSES;14558;54;;;;;14559;54;;;;;14558.5;0.0
1;27500;STRAWBERRIES;4037;95;4036;146;;;4038;241;;;;;4037.5;0.0
1;27500;CHOCOLATE;7993;35;7992;95;;;7994;130;;;;;7993.5;0.0
1;27500;GIFT_BASKET;71138;15;71137;18;;;71152;15;71153;18;;;71145.0;0.0
1;27600;ROSES;14557;66;;;;;14558;66;;;;;14557.5;0.0
1;27600;STRAWBERRIES;4037;261;;;;;4038;261;;;;;4037.5;0.0
1;27600;CHOCOLATE;7992;39;7991;71;;;7993;110;;;;;7992.5;0.0
1;27600;GIFT_BASKET;71139;2;71138;18;71137;26;71150;2;71151;18;71153;26;71144.5;0.0
1;27700;CHOCOLATE;7990;59;7989;58;;;7991;59;7992;58;;;7990.5;0.0
1;27700;GIFT_BASKET;71119;2;71118;18;71117;24;71130;2;71131;18;71132;24;71124.5;0.0
1;27700;ROSES;14554;24;14553;44;;;14555;68;;;;;14554.5;0.0
1;27700;STRAWBERRIES;4036;165;;;;;4038;165;;;;;4037.0;0.0
1;27800;CHOCOLATE;7988;135;;;;;7990;135;;;;;7989.0;0.0
1;27800;GIFT_BASKET;71117;2;71116;17;71115;29;71128;2;71130;17;71131;29;71122.5;0.0
1;27800;ROSES;14553;79;;;;;14554;29;14555;50;;;14553.5;0.0
1;27800;STRAWBERRIES;4037;255;;;;;4038;255;;;;;4037.5;0.0
1;27900;ROSES;14551;20;14550;36;;;14552;56;;;;;14551.5;0.0
1;27900;STRAWBERRIES;4037;179;;;;;4038;179;;;;;4037.5;0.0
1;27900;CHOCOLATE;7989;41;7988;62;;;7990;103;;;;;7989.5;0.0
1;27900;GIFT_BASKET;71114;14;71112;20;;;71127;14;71128;20;;;71120.5;0.0
1;28000;ROSES;14556;20;14555;44;;;14557;64;;;;;14556.5;0.0
1;28000;STRAWBERRIES;4037;92;4036;194;;;4038;286;;;;;4037.5;0.0
1;28000;CHOCOLATE;7988;140;;;;;7990;140;;;;;7989.0;0.0
1;28000;GIFT_BASKET;71128;14;71127;20;;;71141;14;71142;20;;;71134.5;0.0
1;28100;GIFT_BASKET;71117;1;71116;10;71115;29;71128;1;71129;10;71130;29;71122.5;0.0
1;28100;CHOCOLATE;7989;128;;;;;7991;128;;;;;7990.0;0.0
1;28100;ROSES;14554;29;14553;34;;;14555;63;;;;;14554.5;0.0
1;28100;STRAWBERRIES;4036;283;;;;;4038;283;;;;;4037.0;0.0
1;28200;STRAWBERRIES;4037;231;;;;;4039;231;;;;;4038.0;0.0
1;28200;GIFT_BASKET;71122;15;71121;18;;;71135;15;71136;18;;;71128.5;0.0
1;28200;CHOCOLATE;7989;102;;;;;7991;102;;;;;7990.0;0.0
1;28200;ROSES;14552;18;14551;35;;;14553;53;;;;;14552.5;0.0
1;28300;ROSES;14552;22;14551;43;;;14553;65;;;;;14552.5;0.0
1;28300;CHOCOLATE;7991;51;7990;86;;;7992;137;;;;;7991.5;0.0
1;28300;GIFT_BASKET;71134;2;71133;11;71132;22;71145;2;71146;11;71147;22;71139.5;0.0
1;28300;STRAWBERRIES;4037;246;;;;;4039;246;;;;;4038.0;0.0
1;28400;CHOCOLATE;7992;142;;;;;7993;49;7994;93;;;7992.5;0.0
1;28400;ROSES;14548;57;;;;;14549;25;14550;32;;;14548.5;0.0
1;28400;STRAWBERRIES;4037;225;;;;;4039;225;;;;;4038.0;0.0
1;28400;GIFT_BASKET;71137;13;71136;25;;;71150;13;71151;25;;;71143.5;0.0
1;28500;GIFT_BASKET;71132;2;71131;16;71130;16;71143;2;71144;16;71146;16;71137.5;0.0
1;28500;STRAWBERRIES;4036;206;;;;;4038;206;;;;;4037.0;0.0
1;28500;ROSES;14547;59;;;;;14548;59;;;;;14547.5;0.0
1;28500;CHOCOLATE;7993;65;7992;74;;;7994;139;;;;;7993.5;0.0
1;28600;STRAWBERRIES;4036;170;;;;;4037;50;4038;120;;;4036.5;0.0
1;28600;GIFT_BASKET;71118;2;71117;12;71116;21;71129;2;71130;12;71131;21;71123.5;0.0
1;28600;CHOCOLATE;7992;90;;;;;7994;90;;;;;7993.0;0.0
1;28600;ROSES;14546;63;;;;;14548;63;;;;;14547.0;0.0
1;28700;ROSES;14545;62;;;;;14546;29;14547;33;;;14545.5;0.0
1;28700;CHOCOLATE;7992;94;;;;;7993;35;7994;59;;;7992.5;0.0
1;28700;GIFT_BASKET;71116;2;71115;11;71114;29;71127;2;71128;11;71129;29;71121.5;0.0
1;28700;STRAWBERRIES;4036;206;;;;;4037;59;4038;147;;;4036.5;0.0
1;28800;CHOCOLATE;7992;141;;;;;7994;141;;;;;7993.0;0.0
1;28800;ROSES;14544;56;;;;;14546;56;;;;;14545.0;0.0
1;28800;STRAWBERRIES;4036;227;;;;;4038;227;;;;;4037.0;0.0
1;28800;GIFT_BASKET;71126;10;71125;26;;;71139;10;71140;26;;;71132.5;0.0
1;28900;GIFT_BASKET;71129;1;71128;14;71127;30;71140;1;71141;14;71142;30;71134.5;0.0
1;28900;STRAWBERRIES;4036;282;;;;;4037;279;;;;;4036.5;0.0
1;28900;ROSES;14548;73;;;;;14549;73;;;;;14548.5;0.0
1;28900;CHOCOLATE;7993;132;;;;;7995;132;;;;;7994.0;0.0
1;29000;STRAWBERRIES;4036;235;;;;;4037;63;4038;172;;;4036.5;0.0
1;29000;GIFT_BASKET;71135;2;71133;16;71132;16;71145;2;71147;16;71148;16;71140.0;0.0
1;29000;CHOCOLATE;7994;56;7993;63;;;7995;119;;;;;7994.5;0.0
1;29000;ROSES;14549;66;;;;;14550;66;;;;;14549.5;0.0
1;29100;ROSES;14545;50;;;;;14546;18;14547;32;;;14545.5;0.0
1;29100;CHOCOLATE;7994;149;;;;;7996;149;;;;;7995.0;0.0
1;29100;GIFT_BASKET;71131;15;71130;18;;;71144;15;71145;18;;;71137.5;0.0
1;29100;STRAWBERRIES;4036;268;;;;;4037;268;;;;;4036.5;0.0
1;29200;CHOCOLATE;7993;144;;;;;7995;144;;;;;7994.0;0.0
1;29200;GIFT_BASKET;71123;1;71122;18;71121;19;71134;1;71135;18;71136;19;71128.5;0.0
1;29200;ROSES;14544;58;;;;;14545;58;;;;;14544.5;0.0
1;29200;STRAWBERRIES;4036;196;;;;;4037;90;4038;106;;;4036.5;0.0
1;29300;STRAWBERRIES;4036;57;4035;175;;;4037;232;;;;;4036.5;0.0
1;29300;ROSES;14546;60;;;;;14547;25;14548;35;;;14546.5;0.0
1;29300;CHOCOLATE;7994;36;7993;57;;;7995;36;7996;57;;;7994.5;0.0
1;29300;GIFT_BASKET;71123;1;71122;15;71121;25;71134;1;71135;15;71136;25;71128.5;0.0
1;29400;STRAWBERRIES;4036;238;;;;;4037;58;4038;180;;;4036.5;0.0
1;29400;CHOCOLATE;7994;99;;;;;7996;99;;;;;7995.0;0.0
1;29400;GIFT_BASKET;71112;2;71111;11;71110;21;71123;2;71124;11;71126;21;71117.5;0.0
1;29400;ROSES;14544;60;;;;;14546;60;;;;;14545.0;0.0
1;29500;ROSES;14544;73;;;;;14546;73;;;;;14545.0;0.0
1;29500;CHOCOLATE;7994;45;7993;85;;;7995;130;;;;;7994.5;0.0
1;29500;GIFT_BASKET;71102;19;71101;28;;;71115;19;71116;28;;;71108.5;0.0
1;29500;STRAWBERRIES;4036;257;;;;;4037;257;;;;;4036.5;0.0
1;29600;CHOCOLATE;7994;137;;;;;7995;54;7996;83;;;7994.5;0.0
1;29600;GIFT_BASKET;71107;1;71106;13;71105;28;71118;1;71119;13;71120;28;71112.5;0.0
1;29600;ROSES;14544;69;;;;;14546;69;;;;;14545.0;0.0
1;29600;STRAWBERRIES;4036;202;;;;;4038;202;;;;;4037.0;0.0
1;29700;STRAWBERRIES;4037;68;4036;144;;;4038;212;;;;;4037.5;0.0
1;29700;ROSES;14546;69;;;;;14547;69;;;;;14546.5;0.0
1;29700;CHOCOLATE;7994;49;7993;68;;;7995;49;7996;68;;;7994.5;0.0
1;29700;GIFT_BASKET;71113;1;71111;17;71110;19;71124;1;71125;17;71126;19;71118.5;0.0
1;29800;STRAWBERRIES;4036;261;;;;;4037;74;4038;187;;;4036.5;0.0
1;29800;CHOCOLATE;7993;51;7992;74;;;7994;51;7995;74;;;7993.5;0.0
1;29800;GIFT_BASKET;71101;15;71100;23;;;71115;15;71116;23;;;71108.0;0.0
1;29800;ROSES;14545;67;;;;;14547;67;;;;;14546.0;0.0
1;29900;ROSES;14545;80;;;;;14546;80;;;;;14545.5;0.0
1;29900;CHOCOLATE;7993;146;;;;;7994;57;7995;89;;;7993.5;0.0
1;29900;GIFT_BASKET;71103;2;71102;10;71101;30;71114;2;71115;10;71116;30;71108.5;0.0
1;29900;STRAWBERRIES;4036;287;;;;;4037;89;4038;198;;;4036.5;0.0
1;30000;CHOCOLATE;7993;123;;;;;7995;123;;;;;7994.0;0.0
1;30000;GIFT_BASKET;71105;2;71104;19;71103;15;71110;2;71116;2;71117;19;71107.5;0.0
1;30000;ROSES;14542;56;;;;;14544;56;;;;;14543.0;0.0
1;30000;STRAWBERRIES;4036;242;;;;;4038;242;;;;;4037.0;0.0
1;30100;STRAWBERRIES;4036;240;;;;;4038;240;;;;;4037.0;0.0
1;30100;ROSES;14543;69;;;;;14545;69;;;;;14544.0;0.0
1;30100;CHOCOLATE;7992;109;;;;;7994;109;;;;;7993.0;0.0
1;30100;GIFT_BASKET;71105;1;71104;16;71103;24;71116;1;71117;16;71118;24;71110.5;0.0
1;30200;STRAWBERRIES;4036;180;;;;;4038;180;;;;;4037.0;0.0
1;30200;CHOCOLATE;7994;41;7993;57;;;7995;98;;;;;7994.5;0.0
1;30200;GIFT_BASKET;71107;2;71106;19;71105;27;71118;2;71119;19;71120;27;71112.5;0.0
1;30200;ROSES;14541;64;;;;;14542;64;;;;;14541.5;0.0
1;30300;ROSES;14546;76;;;;;14547;76;;;;;14546.5;0.0
1;30300;GIFT_BASKET;71125;2;71124;15;71123;29;71136;2;71137;15;71138;29;71130.5;0.0
1;30300;CHOCOLATE;7995;127;;;;;7996;38;7997;89;;;7995.5;0.0
1;30300;STRAWBERRIES;4036;266;;;;;4037;89;4038;167;;;4036.5;0.0
1;30400;GIFT_BASKET;71143;2;71137;18;71136;25;71150;18;71151;25;;;71146.5;0.0
1;30400;CHOCOLATE;7996;121;;;;;7998;121;;;;;7997.0;0.0
1;30400;ROSES;14546;25;14545;37;;;14547;62;;;;;14546.5;0.0
1;30400;STRAWBERRIES;4036;256;;;;;4038;256;;;;;4037.0;0.0
1;30500;STRAWBERRIES;4036;227;;;;;4037;71;4038;163;;;4036.5;0.0
1;30500;ROSES;14545;52;;;;;14546;17;14547;35;;;14545.5;0.0
1;30500;GIFT_BASKET;71136;2;71135;12;71134;17;71147;2;71148;12;71149;17;71141.5;0.0
1;30500;CHOCOLATE;7995;37;7994;71;;;7996;37;7997;71;;;7995.5;0.0
1;30600;STRAWBERRIES;4037;271;;;;;4038;271;;;;;4037.5;0.0
1;30600;GIFT_BASKET;71134;2;71133;13;71132;15;71145;2;71146;13;71147;15;71139.5;0.0
1;30600;CHOCOLATE;7995;57;7994;94;;;7996;151;;;;;7995.5;0.0
1;30600;ROSES;14547;56;;;;;14549;56;;;;;14548.0;0.0
1;30700;ROSES;14547;52;;;;;14548;52;;;;;14547.5;0.0
1;30700;GIFT_BASKET;71131;2;71130;17;71129;22;71142;2;71143;17;71144;22;71136.5;0.0
1;30700;CHOCOLATE;7993;126;;;;;7995;126;;;;;7994.0;0.0
1;30700;STRAWBERRIES;4037;68;4036;199;;;4038;267;;;;;4037.5;0.0
1;30800;GIFT_BASKET;71125;2;71124;15;71123;21;71136;2;71137;15;71138;21;71130.5;0.0
1;30800;CHOCOLATE;7992;122;;;;;7993;59;7994;63;;;7992.5;0.0
1;30800;ROSES;14547;51;;;;;14548;21;14549;30;;;14547.5;0.0
1;30800;STRAWBERRIES;4036;221;;;;;4037;221;;;;;4036.5;0.0
1;30900;STRAWBERRIES;4036;219;;;;;4037;219;;;;;4036.5;0.0
1;30900;ROSES;14547;67;;;;;14548;23;14549;44;;;14547.5;0.0
1;30900;GIFT_BASKET;71121;17;71119;23;;;71134;17;71135;23;;;71127.5;0.0
1;30900;CHOCOLATE;7992;56;7991;67;;;7993;56;7994;67;;;7992.5;0.0
1;31000;STRAWBERRIES;4036;226;;;;;4038;226;;;;;4037.0;0.0
1;31000;GIFT_BASKET;71115;2;71114;18;71113;27;71126;2;71127;18;71129;27;71120.5;0.0
1;31000;CHOCOLATE;7991;65;7990;64;;;7992;129;;;;;7991.5;0.0
1;31000;ROSES;14545;64;;;;;14546;27;14547;37;;;14545.5;0.0
1;31100;ROSES;14542;61;;;;;14544;61;;;;;14543.0;0.0
1;31100;GIFT_BASKET;71105;15;71104;30;;;71111;4;71118;15;71119;30;71108.0;0.0
1;31100;CHOCOLATE;7991;122;;;;;7993;122;;;;;7992.0;0.0
1;31100;STRAWBERRIES;4036;59;4035;149;;;4037;208;;;;;4036.5;0.0
1;31200;GIFT_BASKET;71116;1;71115;18;71114;22;71127;1;71128;18;71129;22;71121.5;0.0
1;31200;CHOCOLATE;7993;133;;;;;7994;65;7995;68;;;7993.5;0.0
1;31200;ROSES;14540;56;;;;;14542;56;;;;;14541.0;0.0
1;31200;STRAWBERRIES;4035;247;;;;;4037;247;;;;;4036.0;0.0
1;31300;ROSES;14544;22;14543;42;;;14545;64;;;;;14544.5;0.0
1;31300;STRAWBERRIES;4035;209;;;;;4037;209;;;;;4036.0;0.0
1;31300;GIFT_BASKET;71129;2;71128;16;71127;22;71140;2;71141;16;71142;22;71134.5;0.0
1;31300;CHOCOLATE;7994;120;;;;;7996;120;;;;;7995.0;0.0
1;31400;ROSES;14542;55;;;;;14543;55;;;;;14542.5;0.0
1;31400;STRAWBERRIES;4035;289;;;;;4036;94;4037;195;;;4035.5;0.0
1;31400;CHOCOLATE;7996;40;7995;94;;;7997;134;;;;;7996.5;0.0
1;31400;GIFT_BASKET;71125;14;71124;22;;;71138;14;71139;22;;;71131.5;0.0
1;31500;CHOCOLATE;7997;44;7996;90;;;7998;134;;;;;7997.5;0.0
1;31500;GIFT_BASKET;71128;1;71127;20;71126;25;71139;1;71140;20;71141;25;71133.5;0.0
1;31500;ROSES;14541;25;14540;33;;;14542;58;;;;;14541.5;0.0
1;31500;STRAWBERRIES;4034;229;;;;;4036;229;;;;;4035.0;0.0
1;31600;CHOCOLATE;7997;54;7996;86;;;7998;140;;;;;7997.5;0.0
1;31600;GIFT_BASKET;71130;14;71129;19;;;71143;14;71144;19;;;71136.5;0.0
1;31600;ROSES;14539;67;;;;;14541;67;;;;;14540.0;0.0
1;31600;STRAWBERRIES;4035;86;4034;115;;;4036;201;;;;;4035.5;0.0
1;31700;ROSES;14541;49;;;;;14543;49;;;;;14542.0;0.0
1;31700;STRAWBERRIES;4035;164;;;;;4036;164;;;;;4035.5;0.0
1;31700;CHOCOLATE;7997;51;7996;61;;;7998;112;;;;;7997.5;0.0
1;31700;GIFT_BASKET;71128;15;71127;18;;;71141;15;71142;18;;;71134.5;0.0
1;31800;ROSES;14547;69;;;;;14548;69;;;;;14547.5;0.0
1;31800;STRAWBERRIES;4035;185;;;;;4037;185;;;;;4036.0;0.0
1;31800;CHOCOLATE;7995;45;7994;52;;;7996;45;7997;52;;;7995.5;0.0
1;31800;GIFT_BASKET;71127;2;71126;11;71125;26;71138;2;71139;11;71140;26;71132.5;0.0
1;31900;CHOCOLATE;7995;122;;;;;7997;122;;;;;7996.0;0.0
1;31900;GIFT_BASKET;71132;2;71131;19;71129;15;71143;2;71144;19;71145;15;71137.5;0.0
1;31900;ROSES;14544;54;;;;;14546;54;;;;;14545.0;0.0
1;31900;STRAWBERRIES;4035;192;;;;;4037;192;;;;;4036.0;0.0
1;32000;CHOCOLATE;7995;53;7994;100;;;7996;53;7997;100;;;7995.5;0.0
1;32000;GIFT_BASKET;71123;2;71122;10;71121;24;71134;2;71135;10;71136;24;71128.5;0.0
1;32000;ROSES;14546;54;;;;;14547;54;;;;;14546.5;0.0
1;32000;STRAWBERRIES;4035;237;;;;;4036;237;;;;;4035.5;0.0
1;32100;ROSES;14546;66;;;;;14547;30;14548;36;;;14546.5;0.0
1;32100;STRAWBERRIES;4035;222;;;;;4037;222;;;;;4036.0;0.0
1;32100;CHOCOLATE;7994;65;7993;73;;;7995;138;;;;;7994.5;0.0
1;32100;GIFT_BASKET;71116;20;71115;30;;;71129;20;71130;30;;;71122.5;0.0
1;32200;ROSES;14545;76;;;;;14547;76;;;;;14546.0;0.0
1;32200;STRAWBERRIES;4034;167;;;;;4036;167;;;;;4035.0;0.0
1;32200;CHOCOLATE;7994;51;7993;53;;;7995;104;;;;;7994.5;0.0
1;32200;GIFT_BASKET;71111;1;71110;19;71109;26;71122;1;71123;19;71124;26;71116.5;0.0
1;32300;CHOCOLATE;7994;132;;;;;7996;132;;;;;7995.0;0.0
1;32300;GIFT_BASKET;71114;2;71113;20;71112;29;71125;2;71126;20;71127;29;71119.5;0.0
1;32300;ROSES;14547;29;14546;41;;;14548;70;;;;;14547.5;0.0
1;32300;STRAWBERRIES;4034;180;;;;;4036;180;;;;;4035.0;0.0
1;32400;CHOCOLATE;7995;63;7994;88;;;7996;63;7997;88;;;7995.5;0.0
1;32400;GIFT_BASKET;71108;16;71107;27;;;71114;1;71121;16;71122;27;71111.0;0.0
1;32400;ROSES;14543;63;;;;;14544;27;14545;36;;;14543.5;0.0
1;32400;STRAWBERRIES;4034;281;;;;;4035;88;4036;193;;;4034.5;0.0
1;32500;ROSES;14545;67;;;;;14547;67;;;;;14546.0;0.0
1;32500;STRAWBERRIES;4034;285;;;;;4035;94;4036;194;;;4034.5;0.0
1;32500;GIFT_BASKET;71114;2;71113;18;71112;27;71125;2;71126;18;71127;27;71119.5;0.0
1;32500;CHOCOLATE;7995;139;;;;;7997;139;;;;;7996.0;0.0
1;32600;ROSES;14546;58;;;;;14547;20;14548;38;;;14546.5;0.0
1;32600;STRAWBERRIES;4034;204;;;;;4036;204;;;;;4035.0;0.0
1;32600;GIFT_BASKET;71099;2;71098;13;71097;20;71110;2;71111;13;71113;20;71104.5;0.0
1;32600;CHOCOLATE;7992;131;;;;;7994;131;;;;;7993.0;0.0
1;32700;CHOCOLATE;7994;57;7993;98;;;7995;155;;;;;7994.5;0.0
1;32700;GIFT_BASKET;71099;2;71098;16;71097;25;71104;1;71110;2;71111;16;71101.5;0.0
1;32700;STRAWBERRIES;4034;250;;;;;4035;98;4036;152;;;4034.5;0.0
1;32700;ROSES;14543;58;;;;;14545;58;;;;;14544.0;0.0
1;32800;GIFT_BASKET;71102;14;71101;29;;;71115;14;71116;29;;;71108.5;0.0
1;32800;CHOCOLATE;7994;52;7993;95;;;7995;147;;;;;7994.5;0.0
1;32800;ROSES;14548;29;14547;31;;;14549;60;;;;;14548.5;0.0
1;32800;STRAWBERRIES;4034;206;;;;;4035;95;4036;111;;;4034.5;0.0
1;32900;STRAWBERRIES;4033;195;;;;;4035;195;;;;;4034.0;0.0
1;32900;ROSES;14550;54;;;;;14551;15;14552;39;;;14550.5;0.0
1;32900;CHOCOLATE;7993;133;;;;;7994;63;7995;77;;;7993.5;0.0
1;32900;GIFT_BASKET;71094;1;71093;16;71092;15;71099;1;71105;1;71106;16;71096.5;0.0
1;33000;ROSES;14553;55;;;;;14555;55;;;;;14554.0;0.0
1;33000;STRAWBERRIES;4034;279;;;;;4035;279;;;;;4034.5;0.0
1;33000;GIFT_BASKET;71095;16;71094;18;;;71108;16;71109;18;;;71101.5;0.0
1;33000;CHOCOLATE;7992;49;7991;88;;;7993;49;7994;88;;;7992.5;0.0
1;33100;CHOCOLATE;7993;121;;;;;7994;41;7995;80;;;7993.5;0.0
1;33100;GIFT_BASKET;71103;1;71102;17;71101;24;71114;1;71115;17;71116;24;71108.5;0.0
1;33100;STRAWBERRIES;4033;235;;;;;4035;235;;;;;4034.0;0.0
1;33100;ROSES;14549;71;;;;;14551;71;;;;;14550.0;0.0
1;33200;GIFT_BASKET;71107;1;71106;20;71105;18;71118;1;71119;20;71120;18;71112.5;0.0
1;33200;CHOCOLATE;7994;35;7993;95;;;7995;35;7996;95;;;7994.5;0.0
1;33200;ROSES;14548;56;;;;;14550;56;;;;;14549.0;0.0
1;33200;STRAWBERRIES;4033;213;;;;;4035;213;;;;;4034.0;0.0
1;33300;STRAWBERRIES;4033;169;;;;;4034;66;4035;107;;;4033.5;0.0
1;33300;ROSES;14547;53;;;;;14548;53;;;;;14547.5;0.0
1;33300;CHOCOLATE;7994;104;;;;;7996;104;;;;;7995.0;0.0
1;33300;GIFT_BASKET;71110;1;71108;19;71107;23;71120;1;71122;19;71123;23;71115.0;0.0
1;33400;ROSES;14549;58;;;;;14550;58;;;;;14549.5;0.0
1;33400;STRAWBERRIES;4033;204;;;;;4035;204;;;;;4034.0;0.0
1;33400;GIFT_BASKET;71115;12;71114;22;;;71128;12;71129;22;;;71121.5;0.0
1;33400;CHOCOLATE;7995;130;;;;;7996;40;7997;90;;;7995.5;0.0
1;33500;CHOCOLATE;7995;113;;;;;7996;37;7997;76;;;7995.5;0.0
1;33500;GIFT_BASKET;71114;2;71113;11;71112;20;71125;2;71126;11;71127;20;71119.5;0.0
1;33500;STRAWBERRIES;4032;253;;;;;4033;76;4034;177;;;4032.5;0.0
1;33500;ROSES;14553;20;14552;49;;;14554;69;;;;;14553.5;0.0
1;33600;CHOCOLATE;7996;61;7995;63;;;7997;124;;;;;7996.5;0.0
1;33600;GIFT_BASKET;71114;18;71113;20;;;71120;2;71128;18;71129;20;71117.0;0.0
1;33600;ROSES;14547;62;;;;;14548;20;14549;42;;;14547.5;0.0
1;33600;STRAWBERRIES;4032;214;;;;;4034;214;;;;;4033.0;0.0
1;33700;STRAWBERRIES;4032;229;;;;;4033;229;;;;;4032.5;0.0
1;33700;ROSES;14547;54;;;;;14548;15;14549;39;;;14547.5;0.0
1;33700;CHOCOLATE;7996;36;7995;55;;;7997;91;;;;;7996.5;0.0
1;33700;GIFT_BASKET;71107;1;71106;16;71105;15;71118;1;71119;16;71120;15;71112.5;0.0
1;33800;ROSES;14547;54;;;;;14548;54;;;;;14547.5;0.0
1;33800;STRAWBERRIES;4032;210;;;;;4033;210;;;;;4032.5;0.0
1;33800;CHOCOLATE;7996;153;;;;;7997;60;7998;93;;;7996.5;0.0
1;33800;GIFT_BASKET;71104;10;71103;22;;;71117;10;71118;22;;;71110.5;0.0
1;33900;CHOCOLATE;7996;62;7995;98;;;7997;62;7998;98;;;7996.5;0.0
1;33900;GIFT_BASKET;71102;1;71101;15;71100;24;71113;1;71114;15;71115;24;71107.5;0.0
1;33900;STRAWBERRIES;4032;98;4031;135;;;4033;233;;;;;4032.5;0.0
1;33900;ROSES;14550;24;14549;44;;;14551;68;;;;;14550.5;0.0
1;34000;CHOCOLATE;7996;51;7995;63;;;7997;114;;;;;7996.5;0.0
1;34000;GIFT_BASKET;71100;2;71099;20;71098;19;71111;2;71112;20;71113;19;71105.5;0.0
1;34000;ROSES;14550;19;14549;39;;;14551;58;;;;;14550.5;0.0
1;34000;STRAWBERRIES;4033;63;4032;102;;;4034;165;;;;;4033.5;0.0
1;34100;STRAWBERRIES;4033;249;;;;;4034;249;;;;;4033.5;0.0
1;34100;ROSES;14546;48;;;;;14547;48;;;;;14546.5;0.0
1;34100;CHOCOLATE;7996;47;7995;65;;;7997;47;7998;65;;;7996.5;0.0
1;34100;GIFT_BASKET;71085;2;71084;11;71083;15;71096;2;71097;11;71098;15;71090.5;0.0
1;34200;ROSES;14545;50;;;;;14547;50;;;;;14546.0;0.0
1;34200;STRAWBERRIES;4033;95;4032;188;;;4034;283;;;;;4033.5;0.0
1;34200;CHOCOLATE;7996;155;;;;;7997;60;7998;95;;;7996.5;0.0
1;34200;GIFT_BASKET;71085;2;71084;14;71083;20;71096;2;71098;14;71099;20;71090.5;0.0
1;34300;CHOCOLATE;7997;152;;;;;7999;152;;;;;7998.0;0.0
1;34300;GIFT_BASKET;71089;1;71088;17;71087;15;71100;1;71101;17;71102;15;71094.5;0.0
1;34300;STRAWBERRIES;4033;281;;;;;4035;281;;;;;4034.0;0.0
1;34300;ROSES;14542;55;;;;;14544;55;;;;;14543.0;0.0
1;34400;CHOCOLATE;7999;158;;;;;8001;158;;;;;8000.0;0.0
1;34400;GIFT_BASKET;71091;2;71090;16;71089;16;71102;2;71103;16;71105;16;71096.5;0.0
1;34400;ROSES;14540;55;;;;;14542;55;;;;;14541.0;0.0
1;34400;STRAWBERRIES;4033;267;;;;;4035;267;;;;;4034.0;0.0
1;34500;STRAWBERRIES;4033;193;;;;;4034;193;;;;;4033.5;0.0
1;34500;ROSES;14540;67;;;;;14542;67;;;;;14541.0;0.0
1;34500;CHOCOLATE;8000;55;7999;71;;;8001;55;8002;71;;;8000.5;0.0
1;34500;GIFT_BASKET;71095;2;71094;20;71093;24;71106;2;71107;20;71108;24;71100.5;0.0
1;34600;ROSES;14539;49;;;;;14540;49;;;;;14539.5;0.0
1;34600;STRAWBERRIES;4032;168;;;;;4034;168;;;;;4033.0;0.0
1;34600;CHOCOLATE;8000;102;;;;;8001;44;8002;58;;;8000.5;0.0
1;34600;GIFT_BASKET;71092;11;71091;18;;;71105;11;71106;18;;;71098.5;0.0
1;34700;GIFT_BASKET;71099;2;71098;14;71097;29;71110;2;71111;14;71112;29;71104.5;0.0
1;34700;CHOCOLATE;8000;44;7999;91;;;8001;135;;;;;8000.5;0.0
1;34700;STRAWBERRIES;4033;194;;;;;4034;194;;;;;4033.5;0.0
1;34700;ROSES;14540;59;;;;;14541;59;;;;;14540.5;0.0
1;34800;GIFT_BASKET;71091;2;71090;16;71088;26;71102;2;71103;16;71104;26;71096.5;0.0
1;34800;CHOCOLATE;8000;62;7999;89;;;8001;151;;;;;8000.5;0.0
1;34800;ROSES;14535;76;;;;;14537;76;;;;;14536.0;0.0
1;34800;STRAWBERRIES;4033;78;4032;160;;;4034;249;;;;;4033.5;0.0
1;34900;STRAWBERRIES;4032;253;;;;;4034;253;;;;;4033.0;0.0
1;34900;ROSES;14542;62;;;;;14543;16;14544;46;;;14542.5;0.0
1;34900;GIFT_BASKET;71101;10;71100;16;;;71115;10;71116;16;;;71108.0;0.0
1;34900;CHOCOLATE;7999;92;;;;;8001;92;;;;;8000.0;0.0
1;35000;ROSES;14546;21;14545;31;;;14547;52;;;;;14546.5;0.0
1;35000;STRAWBERRIES;4032;283;;;;;4033;89;4034;189;;;4032.5;0.0
1;35000;GIFT_BASKET;71098;14;71097;21;;;71104;1;71111;14;71112;21;71101.0;0.0
1;35000;CHOCOLATE;7998;145;;;;;7999;56;8000;89;;;7998.5;0.0
1;35100;GIFT_BASKET;71102;2;71100;17;71099;27;71112;2;71114;17;71115;27;71107.0;0.0
1;35100;CHOCOLATE;7997;108;;;;;7999;108;;;;;7998.0;0.0
1;35100;STRAWBERRIES;4033;61;4032;178;;;4034;239;;;;;4033.5;0.0
1;35100;ROSES;14548;27;14547;43;;;14549;70;;;;;14548.5;0.0
1;35200;GIFT_BASKET;71110;13;71109;25;;;71123;13;71124;25;;;71116.5;0.0
1;35200;CHOCOLATE;7999;69;7998;76;;;8000;135;;;;;7999.5;0.0
1;35200;ROSES;14544;69;;;;;14545;69;;;;;14544.5;0.0
1;35200;STRAWBERRIES;4033;179;;;;;4034;76;4035;110;;;4033.5;0.0
1;35300;STRAWBERRIES;4033;177;;;;;4034;177;;;;;4033.5;0.0
1;35300;ROSES;14538;74;;;;;14539;74;;;;;14538.5;0.0
1;35300;GIFT_BASKET;71108;1;71107;11;71106;27;71119;1;71120;11;71121;27;71113.5;0.0
1;35300;CHOCOLATE;7998;57;7997;71;;;7999;57;8000;71;;;7998.5;0.0
1;35400;ROSES;14535;70;;;;;14537;70;;;;;14536.0;0.0
1;35400;STRAWBERRIES;4033;5;4032;211;;;4034;211;;;;;4033.5;0.0
1;35400;GIFT_BASKET;71112;2;71111;20;71110;23;71123;2;71124;20;71125;23;71117.5;0.0
1;35400;CHOCOLATE;7999;156;;;;;8001;156;;;;;8000.0;0.0
1;35500;GIFT_BASKET;71105;2;71104;20;71103;26;71116;2;71117;20;71118;26;71110.5;0.0
1;35500;CHOCOLATE;7997;100;;;;;7999;100;;;;;7998.0;0.0
1;35500;STRAWBERRIES;4032;195;;;;;4033;55;4034;140;;;4032.5;0.0
1;35500;ROSES;14535;26;14534;49;;;14536;75;;;;;14535.5;0.0
1;35600;GIFT_BASKET;71111;1;71110;19;71109;26;71122;1;71123;19;71124;26;71116.5;0.0
1;35600;CHOCOLATE;7996;103;;;;;7997;47;7998;56;;;7996.5;0.0
1;35600;ROSES;14541;59;;;;;14542;59;;;;;14541.5;0.0
1;35600;STRAWBERRIES;4032;249;;;;;4033;56;4034;193;;;4032.5;0.0
1;35700;ROSES;14545;27;14544;36;;;14546;63;;;;;14545.5;0.0
1;35700;STRAWBERRIES;4032;247;;;;;4033;247;;;;;4032.5;0.0
1;35700;GIFT_BASKET;71108;2;71107;13;71106;27;71119;2;71120;13;71121;27;71113.5;0.0
1;35700;CHOCOLATE;7995;108;;;;;7997;108;;;;;7996.0;0.0
1;35800;ROSES;14543;54;;;;;14544;18;14545;36;;;14543.5;0.0
1;35800;STRAWBERRIES;4032;54;4031;122;;;4033;176;;;;;4032.5;0.0
1;35800;GIFT_BASKET;71117;7;71112;2;71111;14;71123;2;71124;14;71125;18;71120.0;0.0
1;35800;CHOCOLATE;7996;37;7995;54;;;7997;37;7998;54;;;7996.5;0.0
1;35900;CHOCOLATE;7995;59;7994;51;;;7996;110;;;;;7995.5;0.0
1;35900;GIFT_BASKET;71118;2;71117;19;71116;16;71129;2;71130;19;71131;16;71123.5;0.0
1;35900;ROSES;14547;16;14546;40;;;14548;56;;;;;14547.5;0.0
1;35900;STRAWBERRIES;4033;51;4032;125;;;4034;176;;;;;4033.5;0.0
1;36000;CHOCOLATE;7994;49;7993;88;;;7995;49;7996;88;;;7994.5;0.0
1;36000;GIFT_BASKET;71126;10;71125;26;;;71139;10;71140;26;;;71132.5;0.0
1;36000;ROSES;14550;57;;;;;14551;57;;;;;14550.5;0.0
1;36000;STRAWBERRIES;4033;195;;;;;4035;195;;;;;4034.0;0.0
1;36100;ROSES;14550;56;;;;;14551;26;14552;30;;;14550.5;0.0
1;36100;STRAWBERRIES;4034;250;;;;;4035;245;;;;;4034.5;0.0
1;36100;CHOCOLATE;7994;107;;;;;7996;107;;;;;7995.0;0.0
1;36100;GIFT_BASKET;71123;2;71122;20;71121;26;71134;2;71135;20;71136;26;71128.5;0.0
1;36200;ROSES;14553;63;;;;;14555;63;;;;;14554.0;0.0
1;36200;STRAWBERRIES;4035;5;4034;261;;;4036;261;;;;;4035.5;0.0
1;36200;CHOCOLATE;7994;143;;;;;7995;58;7996;85;;;7994.5;0.0
1;36200;GIFT_BASKET;71131;1;71130;16;71129;26;71142;1;71143;16;71144;26;71136.5;0.0
1;36300;CHOCOLATE;7994;112;;;;;7996;112;;;;;7995.0;0.0
1;36300;GIFT_BASKET;71141;1;71140;10;71139;23;71152;1;71153;10;71154;23;71146.5;0.0
1;36300;ROSES;14554;57;;;;;14556;57;;;;;14555.0;0.0
1;36300;STRAWBERRIES;4035;187;;;;;4036;199;;;;;4035.5;0.0
1;36400;CHOCOLATE;7994;50;7993;79;;;7995;129;;;;;7994.5;0.0
1;36400;GIFT_BASKET;71142;1;71141;16;71140;23;71153;1;71154;16;71155;23;71147.5;0.0
1;36400;ROSES;14552;54;;;;;14554;54;;;;;14553.0;0.0
1;36400;STRAWBERRIES;4035;269;;;;;4036;5;4037;269;;;4035.5;0.0
1;36500;ROSES;14549;62;;;;;14550;22;14551;40;;;14549.5;0.0
1;36500;STRAWBERRIES;4036;207;;;;;4037;207;;;;;4036.5;0.0
1;36500;CHOCOLATE;7993;101;;;;;7995;101;;;;;7994.0;0.0
1;36500;GIFT_BASKET;71140;2;71139;16;71138;22;71151;2;71152;16;71153;22;71145.5;0.0
1;36600;ROSES;14549;74;;;;;14550;74;;;;;14549.5;0.0
1;36600;STRAWBERRIES;4036;215;;;;;4038;215;;;;;4037.0;0.0
1;36600;CHOCOLATE;7993;42;7992;98;;;7994;42;7995;98;;;7993.5;0.0
1;36600;GIFT_BASKET;71151;1;71150;12;71149;27;71162;1;71163;12;71164;27;71156.5;0.0
1;36700;CHOCOLATE;7992;46;7991;61;;;7993;107;;;;;7992.5;0.0
1;36700;GIFT_BASKET;71156;1;71155;19;71154;24;71167;1;71168;19;71169;24;71161.5;0.0
1;36700;ROSES;14552;24;14551;50;;;14553;74;;;;;14552.5;0.0
1;36700;STRAWBERRIES;4036;203;;;;;4037;61;4038;142;;;4036.5;0.0
1;36800;CHOCOLATE;7993;52;7992;69;;;7994;121;;;;;7993.5;0.0
1;36800;GIFT_BASKET;71162;2;71161;14;71160;20;71173;2;71174;14;71175;20;71167.5;0.0
1;36800;ROSES;14548;64;;;;;14549;64;;;;;14548.5;0.0
1;36800;STRAWBERRIES;4036;227;;;;;4038;227;;;;;4037.0;0.0
1;36900;ROSES;14543;65;;;;;14545;65;;;;;14544.0;0.0
1;36900;STRAWBERRIES;4037;202;;;;;4038;97;4039;105;;;4037.5;0.0
1;36900;CHOCOLATE;7991;58;7990;97;;;7992;155;;;;;7991.5;0.0
1;36900;GIFT_BASKET;71153;16;71152;28;;;71166;16;71167;28;;;71159.5;0.0
1;37000;ROSES;14545;53;;;;;14546;53;;;;;14545.5;0.0
1;37000;STRAWBERRIES;4037;63;4036;156;;;4038;219;;;;;4037.5;0.0
1;37000;GIFT_BASKET;71156;2;71155;11;71154;20;71167;2;71168;11;71169;20;71161.5;0.0
1;37000;CHOCOLATE;7991;119;;;;;7993;119;;;;;7992.0;0.0
1;37100;GIFT_BASKET;71147;15;71146;18;;;71153;5;71160;15;71161;18;71150.0;0.0
1;37100;STRAWBERRIES;4036;260;;;;;4038;260;;;;;4037.0;0.0
1;37100;ROSES;14537;48;;;;;14538;18;14539;30;;;14537.5;0.0
1;37100;CHOCOLATE;7991;148;;;;;7992;64;7993;84;;;7991.5;0.0
1;37200;STRAWBERRIES;4037;211;;;;;4038;69;4039;142;;;4037.5;0.0
1;37200;GIFT_BASKET;71136;2;71135;15;71134;29;71147;2;71148;15;71149;29;71141.5;0.0
1;37200;CHOCOLATE;7990;131;;;;;7991;62;7992;69;;;7990.5;0.0
1;37200;ROSES;14542;76;;;;;14544;76;;;;;14543.0;0.0
1;37300;ROSES;14541;69;;;;;14542;69;;;;;14541.5;0.0
1;37300;CHOCOLATE;7991;113;;;;;7993;113;;;;;7992.0;0.0
1;37300;GIFT_BASKET;71136;1;71135;16;71134;24;71147;1;71148;16;71149;24;71141.5;0.0
1;37300;STRAWBERRIES;4037;189;;;;;4038;64;4039;125;;;4037.5;0.0
1;37400;CHOCOLATE;7992;135;;;;;7993;36;7994;99;;;7992.5;0.0
1;37400;ROSES;14543;51;;;;;14544;17;14545;34;;;14543.5;0.0
1;37400;STRAWBERRIES;4037;99;4036;177;;;4038;276;;;;;4037.5;0.0
1;37400;GIFT_BASKET;71152;4;71140;13;71139;17;71153;13;71154;17;;;71152.5;0.0
1;37500;GIFT_BASKET;71137;1;71136;14;71135;15;71148;1;71149;14;71150;15;71142.5;0.0
1;37500;STRAWBERRIES;4036;258;;;;;4038;258;;;;;4037.0;0.0
1;37500;ROSES;14548;46;;;;;14550;53;;;;;14549.0;0.0
1;37500;CHOCOLATE;7992;153;;;;;7993;64;7994;89;;;7992.5;0.0
1;37600;STRAWBERRIES;4037;177;;;;;4038;177;;;;;4037.5;0.0
1;37600;GIFT_BASKET;71123;1;71122;19;71121;26;71134;1;71135;19;71137;26;71128.5;0.0
1;37600;CHOCOLATE;7991;126;;;;;7993;120;;;;;7992.0;0.0
1;37600;ROSES;14544;57;;;;;14545;26;14546;31;;;14544.5;0.0
1;37700;ROSES;14541;78;;;;;14542;28;14543;50;;;14541.5;0.0
1;37700;CHOCOLATE;7990;142;;;;;7992;142;;;;;7991.0;0.0
1;37700;GIFT_BASKET;71116;4;71110;10;71109;28;71124;10;71125;28;;;71120.0;0.0
1;37700;STRAWBERRIES;4037;91;4036;120;;;4038;211;;;;;4037.5;0.0
1;37800;CHOCOLATE;7990;150;;;;;7991;52;7992;92;;;7990.5;0.0
1;37800;ROSES;14547;50;;;;;14549;50;;;;;14548.0;0.0
1;37800;STRAWBERRIES;4036;284;;;;;4038;284;;;;;4037.0;0.0
1;37800;GIFT_BASKET;71120;2;71119;16;71117;16;71131;2;71132;16;71133;16;71125.5;0.0
1;37900;GIFT_BASKET;71113;2;71112;20;71111;25;71124;2;71125;20;71127;25;71118.5;0.0
1;37900;STRAWBERRIES;4036;59;4035;158;;;4037;217;;;;;4036.5;0.0
1;37900;ROSES;14547;25;14546;50;;;14548;75;;;;;14547.5;0.0
1;37900;CHOCOLATE;7989;115;;;;;7991;115;;;;;7990.0;0.0
1;38000;STRAWBERRIES;4036;220;;;;;4037;220;;;;;4036.5;0.0
1;38000;GIFT_BASKET;71114;20;71113;23;;;71127;20;71128;23;;;71120.5;0.0
1;38000;CHOCOLATE;7990;130;;;;;7992;130;;;;;7991.0;0.0
1;38000;ROSES;14546;54;;;;;14548;54;;;;;14547.0;0.0
1;38100;ROSES;14547;55;;;;;14548;55;;;;;14547.5;0.0
1;38100;CHOCOLATE;7990;143;;;;;7992;143;;;;;7991.0;0.0
1;38100;GIFT_BASKET;71108;1;71107;10;71106;17;71119;1;71120;10;71122;17;71113.5;0.0
1;38100;STRAWBERRIES;4036;100;4035;155;;;4037;255;;;;;4036.5;0.0
1;38200;CHOCOLATE;7991;113;;;;;7993;113;;;;;7992.0;0.0
1;38200;GIFT_BASKET;71132;2;71131;16;71130;29;71143;2;71144;16;71145;29;71137.5;0.0
1;38200;ROSES;14550;77;;;;;14551;77;;;;;14550.5;0.0
1;38200;STRAWBERRIES;4036;242;;;;;4037;50;4038;192;;;4036.5;0.0
1;38300;STRAWBERRIES;4036;191;;;;;4038;191;;;;;4037.0;0.0
1;38300;ROSES;14554;25;14553;47;;;14555;72;;;;;14554.5;0.0
1;38300;CHOCOLATE;7990;37;7989;53;;;7991;37;7992;53;;;7990.5;0.0
1;38300;GIFT_BASKET;71129;15;71128;25;;;71142;15;71143;25;;;71135.5;0.0
1;38400;STRAWBERRIES;4036;225;;;;;4038;225;;;;;4037.0;0.0
1;38400;CHOCOLATE;7990;62;7989;64;;;7991;62;7992;64;;;7990.5;0.0
1;38400;GIFT_BASKET;71124;2;71123;18;71122;19;71135;2;71136;18;71137;19;71129.5;0.0
1;38400;ROSES;14554;59;;;;;14555;59;;;;;14554.5;0.0
1;38500;ROSES;14553;75;;;;;14554;75;;;;;14553.5;0.0
1;38500;CHOCOLATE;7990;54;7989;67;;;7991;54;7992;67;;;7990.5;0.0
1;38500;GIFT_BASKET;71133;2;71132;18;71131;27;71144;2;71145;18;71146;27;71138.5;0.0
1;38500;STRAWBERRIES;4037;67;4036;117;;;4038;184;;;;;4037.5;0.0
1;38600;CHOCOLATE;7988;99;;;;;7989;41;7990;58;;;7988.5;0.0
1;38600;GIFT_BASKET;71125;2;71124;13;71123;15;71136;2;71137;13;71138;15;71130.5;0.0
1;38600;ROSES;14553;59;;;;;14554;59;;;;;14553.5;0.0
1;38600;STRAWBERRIES;4036;212;;;;;4038;212;;;;;4037.0;0.0
1;38700;STRAWBERRIES;4036;243;;;;;4038;243;;;;;4037.0;0.0
1;38700;ROSES;14554;17;14553;31;;;14555;48;;;;;14554.5;0.0
1;38700;CHOCOLATE;7988;133;;;;;7990;133;;;;;7989.0;0.0
1;38700;GIFT_BASKET;71124;2;71123;10;71122;17;71135;2;71136;10;71137;17;71129.5;0.0
1;38800;STRAWBERRIES;4036;237;;;;;4038;237;;;;;4037.0;0.0
1;38800;CHOCOLATE;7986;129;;;;;7988;129;;;;;7987.0;0.0
1;38800;GIFT_BASKET;71120;2;71119;10;71118;24;71131;2;71132;10;71133;24;71125.5;0.0
1;38800;ROSES;14557;65;;;;;14559;65;;;;;14558.0;0.0
1;38900;ROSES;14558;63;;;;;14559;63;;;;;14558.5;0.0
1;38900;CHOCOLATE;7988;121;;;;;7990;121;;;;;7989.0;0.0
1;38900;GIFT_BASKET;71145;8;71140;2;71138;18;71150;2;71152;18;71153;16;71147.5;0.0
1;38900;STRAWBERRIES;4037;62;4036;188;;;4038;250;;;;;4037.5;0.0
1;39000;CHOCOLATE;7988;144;;;;;7990;144;;;;;7989.0;0.0
1;39000;GIFT_BASKET;71145;1;71144;15;71143;24;71156;1;71157;15;71158;24;71150.5;0.0
1;39000;ROSES;14563;68;;;;;14564;68;;;;;14563.5;0.0
1;39000;STRAWBERRIES;4036;194;;;;;4038;194;;;;;4037.0;0.0
1;39100;STRAWBERRIES;4036;204;;;;;4037;71;4038;133;;;4036.5;0.0
1;39100;ROSES;14560;70;;;;;14562;70;;;;;14561.0;0.0
1;39100;CHOCOLATE;7989;115;;;;;7991;115;;;;;7990.0;0.0
1;39100;GIFT_BASKET;71143;2;71142;16;71141;28;71154;2;71155;16;71156;28;71148.5;0.0
1;39200;STRAWBERRIES;4036;193;;;;;4038;193;;;;;4037.0;0.0
1;39200;GIFT_BASKET;71139;15;71138;28;;;71152;15;71153;28;;;71145.5;0.0
1;39200;CHOCOLATE;7988;45;7987;66;;;7989;45;7990;66;;;7988.5;0.0
1;39200;ROSES;14562;67;;;;;14563;67;;;;;14562.5;0.0
1;39300;ROSES;14567;66;;;;;14568;66;;;;;14567.5;0.0
