timestamp;buyer;seller;symbol;currency;price;quantity
200;Remy;Vinnie;STRAWBERRIES;SEASHELLS;4031.0;9
200;Vinnie;Vladimir;STRAWBERRIES;SEASHELLS;4029.0;11
700;Vinnie;Vladimir;STRAWBERRIES;SEASHELLS;4030.0;6
1000;Remy;Vinnie;CHOCOLATE;SEASHELLS;7991.0;7
1000;Vinnie;Remy;ROSES;SEASHELLS;14550.0;4
1100;Remy;Vinnie;ROSES;SEASHELLS;14551.0;5
1400;Vinnie;Remy;CHOCOLATE;SEASHELLS;7989.0;6
1500;Vinnie;Remy;STRAWBERRIES;SEASHELLS;4030.0;8
1500;Vinnie;Vladimir;STRAWBERRIES;SEASHELLS;4030.0;10
1500;Vinnie;Vladimir;ROSES;SEASHELLS;14551.0;7
1600;Vinnie;Vladimir;STRAWBERRIES;SEASHELLS;4030.0;4
1700;Vinnie;Remy;STRAWBERRIES;SEASHELLS;4030.0;8
1900;Remy;Vinnie;ROSES;SEASHELLS;14553.0;2
2100;Vinnie;Vladimir;ROSES;SEASHELLS;14557.0;8
2200;Vinnie;Remy;ROSES;SEASHELLS;14554.0;3
2300;Vinnie;Rhianna;GIFT_BASKET;SEASHELLS;71139.0;2
2300;Vladimir;Rhianna;GIFT_BASKET;SEASHELLS;71138.0;1
2400;Vinnie;Vladimir;CHOCOLATE;SEASHELLS;7990.0;7
2600;Vinnie;Vladimir;ROSES;SEASHELLS;14561.0;5
2700;Remy;Vinnie;ROSES;SEASHELLS;14561.0;5
3300;Vinnie;Remy;CHOCOLATE;SEASHELLS;7990.0;7
3500;Remy;Vinnie;ROSES;SEASHELLS;14563.0;2
3600;Remy;Vinnie;CHOCOLATE;SEASHELLS;7989.0;5
4400;Vinnie;Vladimir;STRAWBERRIES;SEASHELLS;4032.0;6
4600;Vinnie;Vladimir;STRAWBERRIES;SEASHELLS;4032.0;9
4600;Remy;Vinnie;STRAWBERRIES;SEASHELLS;4033.0;5
4900;Vinnie;Vladimir;CHOCOLATE;SEASHELLS;7986.0;4
5500;Vinnie;Vladimir;STRAWBERRIES;SEASHELLS;4032.0;9
5600;Vinnie;Ruby;GIFT_BASKET;SEASHELLS;71120.0;2
6100;Vinnie;Remy;STRAWBERRIES;SEASHELLS;4032.0;4
6300;Vinnie;Vladimir;CHOCOLATE;SEASHELLS;7989.0;4
6400;Vinnie;Vladimir;STRAWBERRIES;SEASHELLS;4031.0;6
6700;Remy;Vinnie;STRAWBERRIES;SEASHELLS;4033.0;9
6800;Vinnie;Remy;CHOCOLATE;SEASHELLS;7990.0;5
6900;Vinnie;Vladimir;ROSES;SEASHELLS;14572.0;8
6900;Vinnie;Remy;ROSES;SEASHELLS;14572.0;5
7400;Remy;Vinnie;ROSES;SEASHELLS;14572.0;1
7600;Vinnie;Vladimir;CHOCOLATE;SEASHELLS;7986.0;9
7700;Remy;Vinnie;STRAWBERRIES;SEASHELLS;4032.0;10
8000;Vinnie;Remy;CHOCOLATE;SEASHELLS;7986.0;6
8100;Vinnie;Remy;ROSES;SEASHELLS;14570.0;5
8200;Vinnie;Remy;STRAWBERRIES;SEASHELLS;4029.0;5
8500;Vinnie;Vladimir;STRAWBERRIES;SEASHELLS;4029.0;3
8600;Vinnie;Remy;CHOCOLATE;SEASHELLS;7988.0;5
9100;Remy;Vinnie;STRAWBERRIES;SEASHELLS;4030.0;5
9300;Remy;Vinnie;CHOCOLATE;SEASHELLS;7992.0;7
9300;Vinnie;Remy;ROSES;SEASHELLS;14567.0;5
9400;Vinnie;Remy;STRAWBERRIES;SEASHELLS;4028.0;9
9500;Remy;Vinnie;CHOCOLATE;SEASHELLS;7991.0;5
9500;Remy;Vinnie;ROSES;SEASHELLS;14566.0;4
10200;Vinnie;Vladimir;STRAWBERRIES;SEASHELLS;4028.0;7
10500;Remy;Vinnie;ROSES;SEASHELLS;14556.0;5
10800;Vinnie;Remy;CHOCOLATE;SEASHELLS;7984.0;6
11900;Vinnie;Remy;STRAWBERRIES;SEASHELLS;4027.0;7
12200;Vinnie;Remy;ROSES;SEASHELLS;14560.0;1
12400;Vinnie;Remy;STRAWBERRIES;SEASHELLS;4027.0;7
12700;Vinnie;Vladimir;CHOCOLATE;SEASHELLS;7982.0;10
13100;Remy;Vinnie;STRAWBERRIES;SEASHELLS;4029.0;9
13200;Vinnie;Vladimir;ROSES;SEASHELLS;14564.0;8
13200;Vinnie;Remy;ROSES;SEASHELLS;14564.0;5
13300;Vinnie;Vladimir;STRAWBERRIES;SEASHELLS;4027.0;10
13300;Vinnie;Remy;CHOCOLATE;SEASHELLS;7985.0;7
13400;Remy;Vinnie;ROSES;SEASHELLS;14569.0;5
13700;Vinnie;Vladimir;STRAWBERRIES;SEASHELLS;4028.0;12
13800;Vladimir;Rhianna;GIFT_BASKET;SEASHELLS;71061.0;2
14600;Vinnie;Vladimir;STRAWBERRIES;SEASHELLS;4029.0;4
14700;Vinnie;Vladimir;STRAWBERRIES;SEASHELLS;4030.0;3
14900;Vinnie;Remy;ROSES;SEASHELLS;14552.0;5
15100;Vinnie;Remy;STRAWBERRIES;SEASHELLS;4030.0;4
15300;Vinnie;Remy;ROSES;SEASHELLS;14553.0;4
15400;Vinnie;Remy;CHOCOLATE;SEASHELLS;7984.0;6
15400;Remy;Vinnie;STRAWBERRIES;SEASHELLS;4032.0;6
15700;Remy;Vinnie;ROSES;SEASHELLS;14555.0;2
16300;Vinnie;Remy;CHOCOLATE;SEASHELLS;7986.0;8
16300;Vinnie;Vladimir;STRAWBERRIES;SEASHELLS;4030.0;12
17100;Vinnie;Ruby;GIFT_BASKET;SEASHELLS;71062.0;1
17700;Vinnie;Vladimir;ROSES;SEASHELLS;14552.0;10
17900;Vinnie;Remy;ROSES;SEASHELLS;14556.0;5
18100;Vinnie;Vladimir;STRAWBERRIES;SEASHELLS;4029.0;12
18500;Vinnie;Vladimir;CHOCOLATE;SEASHELLS;7988.0;9
18600;Vinnie;Remy;ROSES;SEASHELLS;14554.0;5
18700;Vinnie;Vladimir;STRAWBERRIES;SEASHELLS;4029.0;9
19100;Vinnie;Remy;CHOCOLATE;SEASHELLS;7989.0;8
19400;Vinnie;Remy;CHOCOLATE;SEASHELLS;7991.0;5
19500;Vinnie;Vladimir;CHOCOLATE;SEASHELLS;7992.0;6
19500;Remy;Vinnie;ROSES;SEASHELLS;14554.0;5
19800;Remy;Vinnie;ROSES;SEASHELLS;14560.0;2
19800;Vinnie;Remy;CHOCOLATE;SEASHELLS;7992.0;7
19900;Vinnie;Vladimir;CHOCOLATE;SEASHELLS;7991.0;6
20100;Remy;Vinnie;ROSES;SEASHELLS;14557.0;5
20100;Vinnie;Ruby;GIFT_BASKET;SEASHELLS;71123.0;1
20300;Remy;Vinnie;STRAWBERRIES;SEASHELLS;4033.0;7
20700;Vinnie;Remy;STRAWBERRIES;SEASHELLS;4030.0;9
20900;Remy;Vinnie;ROSES;SEASHELLS;14559.0;3
21100;Vinnie;Remy;STRAWBERRIES;SEASHELLS;4031.0;5
21100;Remy;Vinnie;CHOCOLATE;SEASHELLS;7995.0;8
21300;Vladimir;Rhianna;GIFT_BASKET;SEASHELLS;71131.0;4
21500;Vinnie;Remy;ROSES;SEASHELLS;14556.0;3
22200;Remy;Vinnie;ROSES;SEASHELLS;14550.0;2
22400;Vinnie;Rhianna;GIFT_BASKET;SEASHELLS;71149.0;5
22900;Remy;Vinnie;STRAWBERRIES;SEASHELLS;4033.0;4
23600;Vinnie;Remy;ROSES;SEASHELLS;14545.0;5
24000;Remy;Vinnie;STRAWBERRIES;SEASHELLS;4035.0;7
24100;Remy;Vinnie;STRAWBERRIES;SEASHELLS;4036.0;6
24100;Vinnie;Remy;CHOCOLATE;SEASHELLS;7992.0;5
24300;Vinnie;Remy;ROSES;SEASHELLS;14537.0;2
25100;Remy;Vinnie;STRAWBERRIES;SEASHELLS;4036.0;10
25100;Remy;Vladimir;CHOCOLATE;SEASHELLS;7992.0;5
25200;Remy;Vinnie;CHOCOLATE;SEASHELLS;7993.0;8
25300;Vladimir;Vinnie;GIFT_BASKET;SEASHELLS;71111.0;1
25700;Remy;Vinnie;STRAWBERRIES;SEASHELLS;4035.0;6
25700;Vinnie;Remy;ROSES;SEASHELLS;14557.0;5
25800;Remy;Vinnie;STRAWBERRIES;SEASHELLS;4035.0;9
25900;Remy;Vinnie;ROSES;SEASHELLS;14554.0;2
26100;Vinnie;Remy;STRAWBERRIES;SEASHELLS;4034.0;9
27000;Vinnie;Ruby;GIFT_BASKET;SEASHELLS;71142.0;1
27000;Vinnie;Remy;CHOCOLATE;SEASHELLS;7994.0;6
27200;Vinnie;Remy;ROSES;SEASHELLS;14555.0;5
27300;Vinnie;Remy;ROSES;SEASHELLS;14555.0;1
28400;Remy;Vinnie;CHOCOLATE;SEASHELLS;7993.0;7
28400;Remy;Vinnie;ROSES;SEASHELLS;14549.0;1
29000;Remy;Vinnie;STRAWBERRIES;SEASHELLS;4037.0;7
30000;Ruby;Vinnie;GIFT_BASKET;SEASHELLS;71110.0;2
30100;Remy;Vinnie;CHOCOLATE;SEASHELLS;7994.0;5
30200;Vinnie;Remy;STRAWBERRIES;SEASHELLS;4036.0;10
30500;Vinnie;Vladimir;STRAWBERRIES;SEASHELLS;4036.0;7
30900;Vinnie;Remy;ROSES;SEASHELLS;14547.0;1
31200;Vinnie;Remy;ROSES;SEASHELLS;14540.0;1
31300;Vinnie;Remy;STRAWBERRIES;SEASHELLS;4035.0;4
31800;Vinnie;Remy;ROSES;SEASHELLS;14547.0;4
32500;Vinnie;Vladimir;STRAWBERRIES;SEASHELLS;4034.0;3
32700;Vinnie;Remy;STRAWBERRIES;SEASHELLS;4034.0;4
32800;Remy;Vinnie;CHOCOLATE;SEASHELLS;7995.0;7
32800;Remy;Vinnie;ROSES;SEASHELLS;14549.0;4
32900;Vinnie;Vladimir;CHOCOLATE;SEASHELLS;7993.0;7
33300;Vinnie;Vladimir;STRAWBERRIES;SEASHELLS;4033.0;4
33400;Vinnie;Remy;ROSES;SEASHELLS;14549.0;4
33700;Remy;Vinnie;CHOCOLATE;SEASHELLS;7997.0;8
34800;Remy;Vinnie;STRAWBERRIES;SEASHELLS;4034.0;8
34800;Vinnie;Vladimir;STRAWBERRIES;SEASHELLS;4033.0;11
35200;Vinnie;Remy;CHOCOLATE;SEASHELLS;7999.0;8
35200;Vinnie;Vladimir;STRAWBERRIES;SEASHELLS;4033.0;7
35600;Remy;Vinnie;STRAWBERRIES;SEASHELLS;4033.0;6
35700;Vinnie;Remy;ROSES;SEASHELLS;14545.0;1
36000;Vinnie;Remy;ROSES;SEASHELLS;14550.0;2
36100;Remy;Vinnie;STRAWBERRIES;SEASHELLS;4035.0;7
36300;Vinnie;Vladimir;STRAWBERRIES;SEASHELLS;4035.0;12
36400;Remy;Vinnie;ROSES;SEASHELLS;14554.0;1
36600;Vinnie;Remy;ROSES;SEASHELLS;14549.0;5
36700;Remy;Vinnie;STRAWBERRIES;SEASHELLS;4037.0;7
37400;Rhianna;Vladimir;GIFT_BASKET;SEASHELLS;71152.0;4
37500;Vinnie;Vladimir;ROSES;SEASHELLS;14548.0;7
37500;Remy;Vinnie;CHOCOLATE;SEASHELLS;7993.0;8
37600;Remy;Vinnie;ROSES;SEASHELLS;14545.0;5
38400;Vinnie;Remy;ROSES;SEASHELLS;14554.0;5
38400;Remy;Vinnie;STRAWBERRIES;SEASHELLS;4038.0;6
38600;Remy;Vinnie;STRAWBERRIES;SEASHELLS;4038.0;7
38700;Remy;Vinnie;ROSES;SEASHELLS;14555.0;1
38900;Remy;Vinnie;ROSES;SEASHELLS;14559.0;5
39200;Vladimir;Ruby;GIFT_BASKET;SEASHELLS;71139.0;10
39700;Remy;Vinnie;CHOCOLATE;SEASHELLS;7988.0;5
39800;Remy;Vinnie;CHOCOLATE;SEASHELLS;7989.0;6
40200;Vinnie;Remy;STRAWBERRIES;SEASHELLS;4037.0;4
40500;Vinnie;Vladimir;STRAWBERRIES;SEASHELLS;4037.0;5
40900;Remy;Vinnie;ROSES;SEASHELLS;14564.0;5
41100;Vinnie;Remy;STRAWBERRIES;SEASHELLS;4036.0;6
41200;Ruby;Vladimir;GIFT_BASKET;SEASHELLS;71126.0;10
41200;Vinnie;Vladimir;STRAWBERRIES;SEASHELLS;4036.0;10
41400;Vinnie;Vladimir;STRAWBERRIES;SEASHELLS;4036.0;3
41900;Vinnie;Remy;STRAWBERRIES;SEASHELLS;4038.0;5
42300;Vinnie;Remy;ROSES;SEASHELLS;14547.0;3
42400;Ruby;Vinnie;GIFT_BASKET;SEASHELLS;71137.0;2
42500;Vinnie;Vladimir;STRAWBERRIES;SEASHELLS;4038.0;12
42500;Remy;Vinnie;ROSES;SEASHELLS;14554.0;3
43100;Vinnie;Remy;STRAWBERRIES;SEASHELLS;4036.0;6
43400;Remy;Vinnie;STRAWBERRIES;SEASHELLS;4037.0;6
43500;Vinnie;Remy;CHOCOLATE;SEASHELLS;7994.0;8
44100;Ruby;Vinnie;GIFT_BASKET;SEASHELLS;71135.0;2
44200;Remy;Vinnie;CHOCOLATE;SEASHELLS;7998.0;8
44400;Remy;Vinnie;STRAWBERRIES;SEASHELLS;4039.0;4
44600;Rhianna;Vladimir;GIFT_BASKET;SEASHELLS;71139.0;4
44600;Rhianna;Vinnie;GIFT_BASKET;SEASHELLS;71139.0;1
44800;Vladimir;Ruby;GIFT_BASKET;SEASHELLS;71142.0;8
45100;Remy;Vinnie;STRAWBERRIES;SEASHELLS;4039.0;8
45300;Ruby;Vladimir;GIFT_BASKET;SEASHELLS;71157.0;5
46300;Remy;Vinnie;ROSES;SEASHELLS;14542.0;3
46600;Remy;Vinnie;STRAWBERRIES;SEASHELLS;4038.0;10
46700;Remy;Vinnie;ROSES;SEASHELLS;14536.0;2
47000;Vinnie;Remy;ROSES;SEASHELLS;14542.0;1
47000;Vinnie;Vladimir;STRAWBERRIES;SEASHELLS;4036.0;11
47800;Vinnie;Vladimir;STRAWBERRIES;SEASHELLS;4036.0;10
48000;Remy;Vinnie;ROSES;SEASHELLS;14558.0;3
48100;Remy;Vinnie;STRAWBERRIES;SEASHELLS;4038.0;7
48700;Remy;Vinnie;ROSES;SEASHELLS;14571.0;1
48800;Remy;Vinnie;STRAWBERRIES;SEASHELLS;4036.0;8
49400;Remy;Vinnie;STRAWBERRIES;SEASHELLS;4036.0;8
49600;Vinnie;Remy;CHOCOLATE;SEASHELLS;7989.0;7
50400;Remy;Vinnie;STRAWBERRIES;SEASHELLS;4038.0;9
50600;Vinnie;Remy;ROSES;SEASHELLS;14589.0;5
51000;Remy;Vinnie;STRAWBERRIES;SEASHELLS;4039.0;6
51300;Remy;Vinnie;CHOCOLATE;SEASHELLS;7991.0;5
52700;Remy;Vinnie;CHOCOLATE;SEASHELLS;7991.0;6
52700;Vinnie;Vladimir;STRAWBERRIES;SEASHELLS;4038.0;11
52800;Vinnie;Remy;STRAWBERRIES;SEASHELLS;4038.0;8
53000;Remy;Vinnie;ROSES;SEASHELLS;14589.0;2
53100;Rhianna;Vladimir;GIFT_BASKET;SEASHELLS;71122.0;4
53100;Rhianna;Vinnie;GIFT_BASKET;SEASHELLS;71122.0;2
53600;Vinnie;Vladimir;STRAWBERRIES;SEASHELLS;4036.0;5
53800;Remy;Vinnie;CHOCOLATE;SEASHELLS;7985.0;7
54400;Vinnie;Vladimir;STRAWBERRIES;SEASHELLS;4037.0;3
54400;Vinnie;Vladimir;CHOCOLATE;SEASHELLS;7981.0;4
54500;Vinnie;Remy;ROSES;SEASHELLS;14600.0;4
54700;Vinnie;Remy;ROSES;SEASHELLS;14599.0;5
54800;Remy;Vinnie;ROSES;SEASHELLS;14597.0;1
55200;Ruby;Vinnie;GIFT_BASKET;SEASHELLS;71101.0;1
55200;Vinnie;Vladimir;STRAWBERRIES;SEASHELLS;4039.0;6
55300;Vinnie;Remy;CHOCOLATE;SEASHELLS;7982.0;5
55300;Vinnie;Remy;ROSES;SEASHELLS;14580.0;4
55400;Ruby;Vinnie;GIFT_BASKET;SEASHELLS;71108.0;1
55500;Rhianna;Vladimir;GIFT_BASKET;SEASHELLS;71101.0;1
55500;Rhianna;Vinnie;GIFT_BASKET;SEASHELLS;71096.0;2
55700;Vinnie;Remy;ROSES;SEASHELLS;14577.0;1
55900;Vinnie;Remy;STRAWBERRIES;SEASHELLS;4038.0;9
56000;Vinnie;Vladimir;STRAWBERRIES;SEASHELLS;4039.0;5
56700;Vinnie;Remy;STRAWBERRIES;SEASHELLS;4039.0;10
57300;Vinnie;Remy;STRAWBERRIES;SEASHELLS;4037.0;10
57500;Remy;Vinnie;ROSES;SEASHELLS;14591.0;1
57600;Vinnie;Remy;ROSES;SEASHELLS;14590.0;3
57700;Vinnie;Vladimir;STRAWBERRIES;SEASHELLS;4037.0;11
57800;Vinnie;Ruby;GIFT_BASKET;SEASHELLS;71132.0;2
58100;Vinnie;Remy;ROSES;SEASHELLS;14584.0;4
58400;Vladimir;Ruby;GIFT_BASKET;SEASHELLS;71173.0;8
58900;Remy;Vinnie;STRAWBERRIES;SEASHELLS;4038.0;8
59000;Rhianna;Vladimir;GIFT_BASKET;SEASHELLS;71172.0;5
59000;Rhianna;Vinnie;GIFT_BASKET;SEASHELLS;71172.0;1
59100;Remy;Vinnie;STRAWBERRIES;SEASHELLS;4038.0;7
59600;Remy;Vinnie;ROSES;SEASHELLS;14591.0;2
60000;Vinnie;Remy;ROSES;SEASHELLS;14587.0;4
60100;Vinnie;Remy;ROSES;SEASHELLS;14588.0;4
60100;Remy;Vinnie;CHOCOLATE;SEASHELLS;7982.0;6
60200;Ruby;Vinnie;GIFT_BASKET;SEASHELLS;71174.0;1
60300;Remy;Vinnie;ROSES;SEASHELLS;14589.0;3
60400;Vinnie;Vladimir;STRAWBERRIES;SEASHELLS;4037.0;4
60600;Vinnie;Remy;CHOCOLATE;SEASHELLS;7981.0;5
61100;Vinnie;Remy;STRAWBERRIES;SEASHELLS;4036.0;10
61400;Vinnie;Remy;CHOCOLATE;SEASHELLS;7989.0;6
61400;Remy;Vinnie;ROSES;SEASHELLS;14596.0;3
62000;Vladimir;Rhianna;GIFT_BASKET;SEASHELLS;71187.0;3
62300;Vladimir;Rhianna;GIFT_BASKET;SEASHELLS;71200.0;7
62600;Vinnie;Remy;CHOCOLATE;SEASHELLS;7990.0;7
62700;Vinnie;Remy;ROSES;SEASHELLS;14588.0;5
63000;Remy;Vinnie;ROSES;SEASHELLS;14589.0;2
63200;Vinnie;Remy;STRAWBERRIES;SEASHELLS;4040.0;9
63600;Remy;Vinnie;ROSES;SEASHELLS;14587.0;3
64100;Vinnie;Remy;STRAWBERRIES;SEASHELLS;4041.0;7
64300;Vinnie;Remy;STRAWBERRIES;SEASHELLS;4042.0;8
64700;Vinnie;Remy;STRAWBERRIES;SEASHELLS;4041.0;8
65000;Remy;Vinnie;STRAWBERRIES;SEASHELLS;4043.0;7
65200;Vinnie;Vladimir;STRAWBERRIES;SEASHELLS;4042.0;12
65300;Vinnie;Remy;ROSES;SEASHELLS;14608.0;1
65600;Vinnie;Vladimir;CHOCOLATE;SEASHELLS;7994.0;5
65900;Remy;Vinnie;ROSES;SEASHELLS;14593.0;1
66500;Vinnie;Remy;CHOCOLATE;SEASHELLS;8000.0;5
67400;Vinnie;Remy;CHOCOLATE;SEASHELLS;7996.0;5
67600;Vinnie;Vladimir;CHOCOLATE;SEASHELLS;7997.0;9
68000;Vinnie;Remy;ROSES;SEASHELLS;14580.0;1
68500;Vinnie;Vladimir;CHOCOLATE;SEASHELLS;7997.0;7
68600;Vladimir;Rhianna;GIFT_BASKET;SEASHELLS;71215.0;5
69300;Vinnie;Remy;ROSES;SEASHELLS;14594.0;5
69700;Vinnie;Ruby;GIFT_BASKET;SEASHELLS;71251.0;2
70100;Remy;Vinnie;STRAWBERRIES;SEASHELLS;4041.0;4
70100;Vinnie;Vladimir;STRAWBERRIES;SEASHELLS;4040.0;4
70200;Vinnie;Remy;ROSES;SEASHELLS;14595.0;1
70400;Vinnie;Vladimir;STRAWBERRIES;SEASHELLS;4039.0;5
70400;Ruby;Vinnie;GIFT_BASKET;SEASHELLS;71246.0;2
70900;Vinnie;Remy;ROSES;SEASHELLS;14598.0;4
70900;Vinnie;Vladimir;STRAWBERRIES;SEASHELLS;4040.0;9
71000;Rhianna;Vinnie;GIFT_BASKET;SEASHELLS;71268.0;2
71100;Remy;Vinnie;STRAWBERRIES;SEASHELLS;4041.0;9
71200;Remy;Vinnie;STRAWBERRIES;SEASHELLS;4042.0;9
71900;Vinnie;Remy;CHOCOLATE;SEASHELLS;7998.0;5
72100;Vinnie;Remy;CHOCOLATE;SEASHELLS;7998.0;8
72200;Remy;Vinnie;CHOCOLATE;SEASHELLS;7999.0;7
72400;Remy;Vinnie;CHOCOLATE;SEASHELLS;8000.0;6
72600;Vladimir;Rhianna;GIFT_BASKET;SEASHELLS;71266.0;4
72900;Remy;Vinnie;STRAWBERRIES;SEASHELLS;4041.0;5
73100;Vinnie;Vladimir;STRAWBERRIES;SEASHELLS;4040.0;4
73700;Vinnie;Vladimir;STRAWBERRIES;SEASHELLS;4040.0;8
73900;Vinnie;Remy;CHOCOLATE;SEASHELLS;7996.0;5
74600;Remy;Vinnie;ROSES;SEASHELLS;14597.0;4
74800;Vinnie;Vladimir;STRAWBERRIES;SEASHELLS;4039.0;12
75100;Remy;Vinnie;ROSES;SEASHELLS;14607.0;2
75200;Vinnie;Vladimir;CHOCOLATE;SEASHELLS;7994.0;6
75500;Vinnie;Remy;STRAWBERRIES;SEASHELLS;4039.0;4
75600;Vinnie;Remy;ROSES;SEASHELLS;14598.0;5
75900;Vinnie;Remy;CHOCOLATE;SEASHELLS;7994.0;8
76000;Rhianna;Vinnie;GIFT_BASKET;SEASHELLS;71207.0;1
76000;Rhianna;Vladimir;GIFT_BASKET;SEASHELLS;71207.0;4
76900;Rhianna;Vladimir;GIFT_BASKET;SEASHELLS;71193.0;4
76900;Rhianna;Vinnie;GIFT_BASKET;SEASHELLS;71193.0;2
77100;Remy;Vinnie;CHOCOLATE;SEASHELLS;7993.0;7
77500;Remy;Vinnie;STRAWBERRIES;SEASHELLS;4038.0;8
77500;Vinnie;Remy;CHOCOLATE;SEASHELLS;7995.0;8
77600;Remy;Vinnie;ROSES;SEASHELLS;14613.0;2
77900;Remy;Vinnie;CHOCOLATE;SEASHELLS;7995.0;7
78300;Remy;Vinnie;ROSES;SEASHELLS;14613.0;5
78500;Remy;Vinnie;CHOCOLATE;SEASHELLS;7995.0;8
78600;Remy;Vinnie;STRAWBERRIES;SEASHELLS;4039.0;7
78700;Vinnie;Vladimir;STRAWBERRIES;SEASHELLS;4038.0;3
78900;Vinnie;Vladimir;CHOCOLATE;SEASHELLS;7996.0;4
79000;Ruby;Vinnie;GIFT_BASKET;SEASHELLS;71183.0;1
79000;Remy;Vinnie;ROSES;SEASHELLS;14604.0;5
79100;Remy;Vinnie;CHOCOLATE;SEASHELLS;8000.0;8
79100;Remy;Vinnie;ROSES;SEASHELLS;14604.0;4
79300;Remy;Vinnie;STRAWBERRIES;SEASHELLS;4039.0;10
79400;Rhianna;Vinnie;GIFT_BASKET;SEASHELLS;71184.0;6
79700;Vinnie;Vladimir;ROSES;SEASHELLS;14599.0;6
80000;Vinnie;Remy;ROSES;SEASHELLS;14604.0;2
80200;Vinnie;Remy;STRAWBERRIES;SEASHELLS;4036.0;7
80700;Ruby;Vinnie;GIFT_BASKET;SEASHELLS;71170.0;2
81200;Remy;Vinnie;ROSES;SEASHELLS;14616.0;2
81300;Remy;Vinnie;STRAWBERRIES;SEASHELLS;4037.0;8
81500;Vinnie;Remy;STRAWBERRIES;SEASHELLS;4035.0;4
81800;Vinnie;Remy;STRAWBERRIES;SEASHELLS;4036.0;4
82300;Vinnie;Ruby;GIFT_BASKET;SEASHELLS;71148.0;2
82400;Remy;Vinnie;ROSES;SEASHELLS;14620.0;1
83300;Remy;Vinnie;STRAWBERRIES;SEASHELLS;4038.0;6
83500;Vinnie;Vladimir;CHOCOLATE;SEASHELLS;7990.0;8
83500;Vinnie;Vladimir;ROSES;SEASHELLS;14605.0;10
84000;Vinnie;Vladimir;CHOCOLATE;SEASHELLS;7987.0;7
85000;Vinnie;Remy;CHOCOLATE;SEASHELLS;7993.0;8
85500;Remy;Vinnie;STRAWBERRIES;SEASHELLS;4038.0;8
86500;Remy;Vinnie;ROSES;SEASHELLS;14587.0;3
86600;Vinnie;Remy;STRAWBERRIES;SEASHELLS;4037.0;9
86700;Remy;Vinnie;STRAWBERRIES;SEASHELLS;4038.0;7
87000;Remy;Vinnie;CHOCOLATE;SEASHELLS;7992.0;5
87300;Vinnie;Vladimir;STRAWBERRIES;SEASHELLS;4037.0;10
87700;Remy;Vinnie;ROSES;SEASHELLS;14597.0;2
88200;Vinnie;Vladimir;ROSES;SEASHELLS;14594.0;9
88900;Vinnie;Vladimir;STRAWBERRIES;SEASHELLS;4036.0;9
89100;Remy;Vinnie;STRAWBERRIES;SEASHELLS;4037.0;8
89300;Vladimir;Rhianna;GIFT_BASKET;SEASHELLS;71087.0;8
89400;Remy;Vinnie;STRAWBERRIES;SEASHELLS;4037.0;10
89700;Remy;Vinnie;STRAWBERRIES;SEASHELLS;4038.0;5
90200;Vinnie;Remy;CHOCOLATE;SEASHELLS;7990.0;7
91100;Remy;Vinnie;ROSES;SEASHELLS;14607.0;3
91300;Remy;Vinnie;CHOCOLATE;SEASHELLS;7988.0;8
91600;Vinnie;Remy;ROSES;SEASHELLS;14614.0;2
92000;Vinnie;Vladimir;STRAWBERRIES;SEASHELLS;4033.0;10
92100;Vinnie;Rhianna;GIFT_BASKET;SEASHELLS;71058.0;2
92100;Vladimir;Rhianna;GIFT_BASKET;SEASHELLS;71057.0;1
92500;Vinnie;Remy;ROSES;SEASHELLS;14615.0;1
92500;Ruby;Vinnie;GIFT_BASKET;SEASHELLS;71094.0;2
92800;Vinnie;Vladimir;ROSES;SEASHELLS;14618.0;6
92800;Rhianna;Vinnie;GIFT_BASKET;SEASHELLS;71103.0;1
92800;Rhianna;Vladimir;GIFT_BASKET;SEASHELLS;71103.0;3
93600;Vinnie;Vladimir;STRAWBERRIES;SEASHELLS;4032.0;7
93700;Vinnie;Remy;STRAWBERRIES;SEASHELLS;4032.0;9
93800;Remy;Vinnie;STRAWBERRIES;SEASHELLS;4034.0;8
94000;Remy;Vinnie;CHOCOLATE;SEASHELLS;7987.0;6
94600;Remy;Vinnie;CHOCOLATE;SEASHELLS;7986.0;8
94900;Vinnie;Vladimir;STRAWBERRIES;SEASHELLS;4032.0;12
95100;Vinnie;Vladimir;STRAWBERRIES;SEASHELLS;4032.0;7
95400;Remy;Vinnie;ROSES;SEASHELLS;14604.0;3
95500;Remy;Vinnie;CHOCOLATE;SEASHELLS;7984.0;7
95900;Remy;Vinnie;ROSES;SEASHELLS;14598.0;4
96000;Vinnie;Vladimir;STRAWBERRIES;SEASHELLS;4031.0;5
96100;Vinnie;Remy;CHOCOLATE;SEASHELLS;7982.0;7
96200;Remy;Vinnie;STRAWBERRIES;SEASHELLS;4031.0;5
96400;Remy;Vinnie;CHOCOLATE;SEASHELLS;7983.0;5
97100;Remy;Vinnie;STRAWBERRIES;SEASHELLS;4031.0;9
97100;Vinnie;Vladimir;STRAWBERRIES;SEASHELLS;4029.0;7
97800;Ruby;Vinnie;GIFT_BASKET;SEASHELLS;70977.0;2
98000;Remy;Vinnie;ROSES;SEASHELLS;14616.0;3
98200;Vladimir;Ruby;GIFT_BASKET;SEASHELLS;70995.0;10
98500;Vinnie;Vladimir;CHOCOLATE;SEASHELLS;7976.0;9
98700;Remy;Vinnie;CHOCOLATE;SEASHELLS;7978.0;8
98800;Remy;Vinnie;CHOCOLATE;SEASHELLS;7978.0;7
98900;Remy;Vinnie;STRAWBERRIES;SEASHELLS;4030.0;7
99200;Remy;Vinnie;STRAWBERRIES;SEASHELLS;4030.0;6
99400;Remy;Vinnie;CHOCOLATE;SEASHELLS;7976.0;6
99400;Vinnie;Vladimir;STRAWBERRIES;SEASHELLS;4028.0;9
99500;Remy;Vinnie;ROSES;SEASHELLS;14630.0;4
100300;Remy;Vinnie;CHOCOLATE;SEASHELLS;7975.0;5
100400;Remy;Vinnie;ROSES;SEASHELLS;14624.0;5
101400;Remy;Vinnie;ROSES;SEASHELLS;14620.0;4
101400;Ruby;Vinnie;GIFT_BASKET;SEASHELLS;70979.0;2
101500;Vinnie;Remy;ROSES;SEASHELLS;14617.0;3
101500;Ruby;Vinnie;GIFT_BASKET;SEASHELLS;70972.0;1
101600;Ruby;Vladimir;GIFT_BASKET;SEASHELLS;70989.0;8
101700;Vinnie;Remy;CHOCOLATE;SEASHELLS;7967.0;6
101700;Remy;Vinnie;ROSES;SEASHELLS;14617.0;3
101900;Remy;Vinnie;ROSES;SEASHELLS;14620.0;2
101900;Remy;Vinnie;STRAWBERRIES;SEASHELLS;4029.0;4
102000;Remy;Vinnie;ROSES;SEASHELLS;14618.0;5
102100;Vladimir;Rhianna;GIFT_BASKET;SEASHELLS;70974.0;7
102100;Remy;Vinnie;CHOCOLATE;SEASHELLS;7971.0;8
102200;Vinnie;Remy;CHOCOLATE;SEASHELLS;7970.0;8
102300;Vinnie;Remy;CHOCOLATE;SEASHELLS;7970.0;6
102400;Vinnie;Remy;ROSES;SEASHELLS;14602.0;4
103200;Remy;Vinnie;STRAWBERRIES;SEASHELLS;4028.0;7
104000;Vinnie;Remy;ROSES;SEASHELLS;14604.0;2
104000;Rhianna;Vinnie;GIFT_BASKET;SEASHELLS;70952.0;2
104100;Remy;Vinnie;CHOCOLATE;SEASHELLS;7970.0;5
104300;Vladimir;Rhianna;GIFT_BASKET;SEASHELLS;70922.0;8
104500;Vinnie;Remy;STRAWBERRIES;SEASHELLS;4027.0;7
104600;Vinnie;Vladimir;ROSES;SEASHELLS;14600.0;11
104700;Vinnie;Vladimir;STRAWBERRIES;SEASHELLS;4028.0;11
104800;Vinnie;Remy;CHOCOLATE;SEASHELLS;7970.0;8
106400;Vinnie;Remy;STRAWBERRIES;SEASHELLS;4028.0;8
106600;Vinnie;Remy;CHOCOLATE;SEASHELLS;7974.0;8
106800;Vinnie;Vladimir;STRAWBERRIES;SEASHELLS;4028.0;6
107200;Vinnie;Vladimir;STRAWBERRIES;SEASHELLS;4028.0;7
107200;Vinnie;Vladimir;CHOCOLATE;SEASHELLS;7975.0;9
107300;Vinnie;Ruby;GIFT_BASKET;SEASHELLS;70958.0;2
107300;Remy;Vinnie;ROSES;SEASHELLS;14587.0;3
107500;Remy;Vinnie;ROSES;SEASHELLS;14591.0;5
108000;Vinnie;Vladimir;STRAWBERRIES;SEASHELLS;4027.0;10
108100;Remy;Vinnie;CHOCOLATE;SEASHELLS;7978.0;6
108400;Remy;Vinnie;STRAWBERRIES;SEASHELLS;4028.0;8
108500;Remy;Vinnie;ROSES;SEASHELLS;14596.0;3
108600;Vinnie;Vladimir;STRAWBERRIES;SEASHELLS;4027.0;3
108600;Vinnie;Remy;CHOCOLATE;SEASHELLS;7977.0;6
108700;Remy;Vinnie;STRAWBERRIES;SEASHELLS;4029.0;7
109300;Vinnie;Vladimir;STRAWBERRIES;SEASHELLS;4029.0;11
109300;Vinnie;Vladimir;CHOCOLATE;SEASHELLS;7977.0;7
109500;Remy;Vinnie;STRAWBERRIES;SEASHELLS;4030.0;6
109500;Remy;Vinnie;ROSES;SEASHELLS;14600.0;2
109700;Vinnie;Vladimir;STRAWBERRIES;SEASHELLS;4028.0;4
109900;Remy;Vinnie;ROSES;SEASHELLS;14599.0;4
110400;Vinnie;Remy;ROSES;SEASHELLS;14589.0;3
111400;Vinnie;Remy;STRAWBERRIES;SEASHELLS;4027.0;8
111500;Remy;Vinnie;ROSES;SEASHELLS;14579.0;2
112000;Vinnie;Remy;CHOCOLATE;SEASHELLS;7973.0;7
112200;Vinnie;Remy;ROSES;SEASHELLS;14573.0;2
112500;Vinnie;Remy;STRAWBERRIES;SEASHELLS;4029.0;10
112900;Vinnie;Remy;ROSES;SEASHELLS;14572.0;2
113100;Vinnie;Remy;CHOCOLATE;SEASHELLS;7968.0;8
113400;Vinnie;Remy;STRAWBERRIES;SEASHELLS;4029.0;9
114400;Vinnie;Remy;ROSES;SEASHELLS;14567.0;3
114600;Ruby;Vladimir;GIFT_BASKET;SEASHELLS;70967.0;9
114700;Remy;Vinnie;ROSES;SEASHELLS;14578.0;1
114900;Vinnie;Ruby;GIFT_BASKET;SEASHELLS;70960.0;1
114900;Vinnie;Remy;STRAWBERRIES;SEASHELLS;4031.0;9
115100;Vinnie;Rhianna;GIFT_BASKET;SEASHELLS;70967.0;3
115100;Vladimir;Rhianna;GIFT_BASKET;SEASHELLS;70961.0;3
115400;Ruby;Vinnie;GIFT_BASKET;SEASHELLS;70965.0;1
115500;Vinnie;Vladimir;STRAWBERRIES;SEASHELLS;4031.0;3
116600;Remy;Vinnie;ROSES;SEASHELLS;14555.0;3
116800;Remy;Vinnie;ROSES;SEASHELLS;14555.0;4
117000;Vinnie;Remy;STRAWBERRIES;SEASHELLS;4030.0;4
117500;Remy;Vinnie;STRAWBERRIES;SEASHELLS;4031.0;7
119200;Vinnie;Remy;CHOCOLATE;SEASHELLS;7976.0;5
119200;Vinnie;Remy;ROSES;SEASHELLS;14564.0;5
120100;Vinnie;Remy;STRAWBERRIES;SEASHELLS;4033.0;9
120500;Ruby;Vinnie;GIFT_BASKET;SEASHELLS;71014.0;1
120600;Vinnie;Remy;STRAWBERRIES;SEASHELLS;4031.0;9
121000;Vladimir;Ruby;GIFT_BASKET;SEASHELLS;70982.0;6
121100;Remy;Vinnie;CHOCOLATE;SEASHELLS;7979.0;5
121300;Remy;Vinnie;CHOCOLATE;SEASHELLS;7979.0;6
121300;Vladimir;Rhianna;GIFT_BASKET;SEASHELLS;70976.0;3
121300;Vinnie;Rhianna;GIFT_BASKET;SEASHELLS;70977.0;2
121800;Remy;Vinnie;ROSES;SEASHELLS;14553.0;1
121800;Remy;Vinnie;STRAWBERRIES;SEASHELLS;4034.0;5
121900;Vinnie;Ruby;GIFT_BASKET;SEASHELLS;70987.0;2
122300;Vinnie;Vladimir;CHOCOLATE;SEASHELLS;7970.0;10
122800;Vinnie;Remy;STRAWBERRIES;SEASHELLS;4033.0;5
123000;Remy;Vinnie;CHOCOLATE;SEASHELLS;7970.0;6
123100;Vinnie;Vladimir;STRAWBERRIES;SEASHELLS;4033.0;4
123400;Remy;Vinnie;ROSES;SEASHELLS;14564.0;1
124000;Vinnie;Vladimir;STRAWBERRIES;SEASHELLS;4032.0;4
124400;Vladimir;Rhianna;GIFT_BASKET;SEASHELLS;71008.0;7
124400;Vinnie;Rhianna;GIFT_BASKET;SEASHELLS;71009.0;1
124700;Vinnie;Vladimir;CHOCOLATE;SEASHELLS;7969.0;8
125000;Remy;Vinnie;CHOCOLATE;SEASHELLS;7971.0;8
125400;Remy;Vinnie;CHOCOLATE;SEASHELLS;7970.0;8
125500;Remy;Vinnie;CHOCOLATE;SEASHELLS;7970.0;7
126500;Vinnie;Vladimir;STRAWBERRIES;SEASHELLS;4033.0;7
126800;Vinnie;Remy;ROSES;SEASHELLS;14590.0;4
126800;Remy;Vinnie;STRAWBERRIES;SEASHELLS;4035.0;7
126900;Remy;Vinnie;CHOCOLATE;SEASHELLS;7976.0;7
128300;Vinnie;Remy;CHOCOLATE;SEASHELLS;7980.0;8
128400;Vinnie;Remy;ROSES;SEASHELLS;14583.0;3
129100;Vinnie;Vladimir;STRAWBERRIES;SEASHELLS;4032.0;11
129400;Vinnie;Vladimir;ROSES;SEASHELLS;14588.0;8
129400;Remy;Vinnie;CHOCOLATE;SEASHELLS;7978.0;7
129400;Vinnie;Vladimir;STRAWBERRIES;SEASHELLS;4032.0;4
129500;Vinnie;Remy;CHOCOLATE;SEASHELLS;7977.0;6
130000;Remy;Vinnie;CHOCOLATE;SEASHELLS;7977.0;5
130200;Vinnie;Remy;ROSES;SEASHELLS;14590.0;5
130300;Vinnie;Remy;STRAWBERRIES;SEASHELLS;4030.0;5
130700;Vinnie;Vladimir;CHOCOLATE;SEASHELLS;7977.0;4
131000;Vinnie;Remy;CHOCOLATE;SEASHELLS;7975.0;7
131100;Remy;Vinnie;ROSES;SEASHELLS;14586.0;3
131400;Remy;Vinnie;ROSES;SEASHELLS;14586.0;2
131700;Remy;Vinnie;STRAWBERRIES;SEASHELLS;4031.0;9
132000;Vinnie;Vladimir;STRAWBERRIES;SEASHELLS;4030.0;10
132300;Remy;Vinnie;CHOCOLATE;SEASHELLS;7973.0;7
132600;Remy;Vinnie;ROSES;SEASHELLS;14592.0;2
133400;Vinnie;Remy;CHOCOLATE;SEASHELLS;7970.0;8
133600;Vinnie;Remy;STRAWBERRIES;SEASHELLS;4031.0;4
133700;Vinnie;Remy;ROSES;SEASHELLS;14590.0;4
133700;Vinnie;Remy;STRAWBERRIES;SEASHELLS;4031.0;9
134100;Vladimir;Remy;STRAWBERRIES;SEASHELLS;4031.0;7
134200;Remy;Vinnie;CHOCOLATE;SEASHELLS;7972.0;5
134300;Vinnie;Remy;STRAWBERRIES;SEASHELLS;4031.0;4
134400;Vinnie;Remy;STRAWBERRIES;SEASHELLS;4030.0;8
134500;Vinnie;Vladimir;STRAWBERRIES;SEASHELLS;4031.0;11
135200;Remy;Vinnie;STRAWBERRIES;SEASHELLS;4032.0;10
135400;Vinnie;Remy;STRAWBERRIES;SEASHELLS;4030.0;5
135800;Remy;Vinnie;ROSES;SEASHELLS;14581.0;5
136200;Vinnie;Vladimir;ROSES;SEASHELLS;14579.0;5
136200;Vinnie;Remy;STRAWBERRIES;SEASHELLS;4032.0;6
136600;Remy;Vinnie;CHOCOLATE;SEASHELLS;7976.0;7
136900;Remy;Vinnie;ROSES;SEASHELLS;14569.0;2
137000;Vinnie;Remy;CHOCOLATE;SEASHELLS;7978.0;5
137400;Vinnie;Remy;STRAWBERRIES;SEASHELLS;4033.0;6
137600;Remy;Vinnie;ROSES;SEASHELLS;14565.0;5
138600;Vinnie;Remy;STRAWBERRIES;SEASHELLS;4033.0;6
139000;Vinnie;Remy;CHOCOLATE;SEASHELLS;7982.0;8
139300;Vinnie;Vladimir;STRAWBERRIES;SEASHELLS;4034.0;8
139400;Remy;Vinnie;ROSES;SEASHELLS;14569.0;5
139900;Ruby;Vinnie;GIFT_BASKET;SEASHELLS;71049.0;2
139900;Vinnie;Vladimir;CHOCOLATE;SEASHELLS;7981.0;9
140700;Remy;Vinnie;STRAWBERRIES;SEASHELLS;4034.0;8
140700;Vinnie;Vladimir;CHOCOLATE;SEASHELLS;7978.0;4
141200;Vinnie;Remy;CHOCOLATE;SEASHELLS;7975.0;8
141500;Remy;Vinnie;ROSES;SEASHELLS;14585.0;3
141800;Remy;Vinnie;ROSES;SEASHELLS;14586.0;5
142800;Vinnie;Remy;ROSES;SEASHELLS;14574.0;3
142900;Vinnie;Remy;ROSES;SEASHELLS;14574.0;5
142900;Vinnie;Remy;STRAWBERRIES;SEASHELLS;4032.0;4
143600;Vinnie;Remy;ROSES;SEASHELLS;14577.0;4
143800;Remy;Vinnie;STRAWBERRIES;SEASHELLS;4033.0;8
144000;Remy;Vinnie;ROSES;SEASHELLS;14573.0;2
144200;Vinnie;Remy;ROSES;SEASHELLS;14571.0;5
144600;Vinnie;Remy;ROSES;SEASHELLS;14563.0;4
145100;Vinnie;Vladimir;STRAWBERRIES;SEASHELLS;4033.0;4
145400;Vinnie;Ruby;GIFT_BASKET;SEASHELLS;70971.0;2
145400;Vinnie;Remy;CHOCOLATE;SEASHELLS;7967.0;6
145800;Remy;Vinnie;ROSES;SEASHELLS;14569.0;2
145900;Remy;Vinnie;STRAWBERRIES;SEASHELLS;4035.0;10
146100;Remy;Vinnie;ROSES;SEASHELLS;14573.0;4
146800;Vinnie;Remy;CHOCOLATE;SEASHELLS;7961.0;8
147000;Vinnie;Ruby;GIFT_BASKET;SEASHELLS;70979.0;2
147500;Vinnie;Remy;CHOCOLATE;SEASHELLS;7962.0;7
147900;Vinnie;Remy;CHOCOLATE;SEASHELLS;7962.0;6
148300;Vinnie;Vladimir;ROSES;SEASHELLS;14568.0;11
148500;Vinnie;Remy;STRAWBERRIES;SEASHELLS;4030.0;7
148800;Vinnie;Remy;ROSES;SEASHELLS;14562.0;1
149500;Vinnie;Remy;STRAWBERRIES;SEASHELLS;4029.0;7
149700;Vinnie;Vladimir;STRAWBERRIES;SEASHELLS;4029.0;9
149900;Vinnie;Remy;ROSES;SEASHELLS;14567.0;5
150100;Remy;Vinnie;ROSES;SEASHELLS;14566.0;1
150200;Vinnie;Remy;CHOCOLATE;SEASHELLS;7962.0;8
150200;Remy;Vinnie;ROSES;SEASHELLS;14567.0;4
150300;Remy;Vinnie;STRAWBERRIES;SEASHELLS;4030.0;4
150800;Remy;Vinnie;ROSES;SEASHELLS;14562.0;5
151600;Vinnie;Vladimir;STRAWBERRIES;SEASHELLS;4028.0;8
151700;Remy;Vinnie;CHOCOLATE;SEASHELLS;7965.0;7
151700;Vinnie;Vladimir;STRAWBERRIES;SEASHELLS;4028.0;7
151800;Vinnie;Remy;STRAWBERRIES;SEASHELLS;4028.0;6
151800;Vinnie;Vladimir;STRAWBERRIES;SEASHELLS;4028.0;8
151900;Vinnie;Vladimir;STRAWBERRIES;SEASHELLS;4028.0;9
152400;Vinnie;Vladimir;STRAWBERRIES;SEASHELLS;4027.0;7
152900;Remy;Vinnie;STRAWBERRIES;SEASHELLS;4028.0;7
153000;Vinnie;Remy;STRAWBERRIES;SEASHELLS;4026.0;6
153000;Remy;Vinnie;ROSES;SEASHELLS;14553.0;1
153800;Remy;Vinnie;ROSES;SEASHELLS;14580.0;3
153800;Remy;Vinnie;CHOCOLATE;SEASHELLS;7968.0;6
153900;Vladimir;Rhianna;GIFT_BASKET;SEASHELLS;70916.0;8
154300;Vinnie;Remy;STRAWBERRIES;SEASHELLS;4024.0;9
154300;Vinnie;Remy;ROSES;SEASHELLS;14581.0;5
154700;Remy;Vinnie;STRAWBERRIES;SEASHELLS;4025.0;7
154800;Vinnie;Vladimir;ROSES;SEASHELLS;14582.0;7
154900;Ruby;Vinnie;GIFT_BASKET;SEASHELLS;70912.0;1
155100;Remy;Vinnie;STRAWBERRIES;SEASHELLS;4026.0;5
155600;Vinnie;Vladimir;STRAWBERRIES;SEASHELLS;4025.0;11
156000;Vinnie;Remy;ROSES;SEASHELLS;14579.0;5
157400;Vinnie;Vladimir;CHOCOLATE;SEASHELLS;7960.0;4
157700;Vinnie;Remy;STRAWBERRIES;SEASHELLS;4024.0;9
158100;Ruby;Vinnie;GIFT_BASKET;SEASHELLS;70867.0;2
159300;Vinnie;Remy;ROSES;SEASHELLS;14562.0;3
160100;Remy;Vinnie;CHOCOLATE;SEASHELLS;7954.0;8
161300;Remy;Vinnie;STRAWBERRIES;SEASHELLS;4029.0;8
161300;Vinnie;Remy;ROSES;SEASHELLS;14548.0;2
161500;Remy;Vinnie;CHOCOLATE;SEASHELLS;7952.0;7
161700;Vinnie;Vladimir;STRAWBERRIES;SEASHELLS;4029.0;3
161900;Remy;Vinnie;ROSES;SEASHELLS;14541.0;4
162100;Vinnie;Vladimir;STRAWBERRIES;SEASHELLS;4028.0;5
162500;Vinnie;Remy;STRAWBERRIES;SEASHELLS;4030.0;7
163000;Vinnie;Remy;CHOCOLATE;SEASHELLS;7948.0;8
163300;Remy;Vinnie;CHOCOLATE;SEASHELLS;7951.0;5
163600;Vladimir;Rhianna;GIFT_BASKET;SEASHELLS;70847.0;6
163600;Vinnie;Rhianna;GIFT_BASKET;SEASHELLS;70848.0;2
163900;Remy;Vinnie;STRAWBERRIES;SEASHELLS;4029.0;4
164000;Vinnie;Remy;ROSES;SEASHELLS;14531.0;2
164900;Vinnie;Remy;STRAWBERRIES;SEASHELLS;4029.0;8
165200;Vladimir;Rhianna;GIFT_BASKET;SEASHELLS;70845.0;3
165200;Vinnie;Rhianna;GIFT_BASKET;SEASHELLS;70846.0;2
165700;Vladimir;Rhianna;GIFT_BASKET;SEASHELLS;70862.0;6
165700;Vinnie;Rhianna;GIFT_BASKET;SEASHELLS;70863.0;1
166000;Vinnie;Vladimir;ROSES;SEASHELLS;14537.0;11
166100;Remy;Vinnie;ROSES;SEASHELLS;14537.0;4
166100;Vinnie;Vladimir;ROSES;SEASHELLS;14536.0;7
166100;Vinnie;Remy;STRAWBERRIES;SEASHELLS;4031.0;8
166200;Vinnie;Remy;STRAWBERRIES;SEASHELLS;4031.0;7
166400;Rhianna;Vinnie;GIFT_BASKET;SEASHELLS;70880.0;2
166500;Vinnie;Vladimir;CHOCOLATE;SEASHELLS;7953.0;9
166800;Vinnie;Rhianna;GIFT_BASKET;SEASHELLS;70870.0;2
166800;Vladimir;Rhianna;GIFT_BASKET;SEASHELLS;70865.0;4
167000;Remy;Vinnie;CHOCOLATE;SEASHELLS;7954.0;6
167200;Rhianna;Vinnie;GIFT_BASKET;SEASHELLS;70841.0;1
167800;Vinnie;Remy;CHOCOLATE;SEASHELLS;7949.0;5
168000;Remy;Vinnie;CHOCOLATE;SEASHELLS;7949.0;6
168300;Remy;Vinnie;ROSES;SEASHELLS;14527.0;3
168500;Remy;Vinnie;STRAWBERRIES;SEASHELLS;4031.0;8
169700;Vinnie;Vladimir;STRAWBERRIES;SEASHELLS;4030.0;3
170100;Remy;Vinnie;CHOCOLATE;SEASHELLS;7950.0;8
170900;Vinnie;Rhianna;GIFT_BASKET;SEASHELLS;70808.0;1
170900;Vladimir;Rhianna;GIFT_BASKET;SEASHELLS;70807.0;4
171200;Vinnie;Vladimir;STRAWBERRIES;SEASHELLS;4030.0;12
171400;Vinnie;Remy;STRAWBERRIES;SEASHELLS;4028.0;4
171500;Vinnie;Vladimir;STRAWBERRIES;SEASHELLS;4028.0;3
171700;Vinnie;Remy;ROSES;SEASHELLS;14493.0;2
171700;Vinnie;Remy;CHOCOLATE;SEASHELLS;7949.0;8
172500;Vinnie;Remy;STRAWBERRIES;SEASHELLS;4031.0;7
172700;Vinnie;Vladimir;STRAWBERRIES;SEASHELLS;4031.0;10
172900;Remy;Vinnie;CHOCOLATE;SEASHELLS;7948.0;5
173100;Remy;Vinnie;CHOCOLATE;SEASHELLS;7948.0;6
173200;Vinnie;Remy;ROSES;SEASHELLS;14503.0;3
173300;Remy;Vinnie;ROSES;SEASHELLS;14506.0;2
173300;Vinnie;Vladimir;STRAWBERRIES;SEASHELLS;4029.0;4
173400;Remy;Vinnie;ROSES;SEASHELLS;14507.0;1
173700;Vinnie;Vladimir;STRAWBERRIES;SEASHELLS;4028.0;6
174500;Vinnie;Remy;ROSES;SEASHELLS;14520.0;1
175000;Remy;Vinnie;STRAWBERRIES;SEASHELLS;4030.0;8
175100;Vinnie;Vladimir;STRAWBERRIES;SEASHELLS;4029.0;8
175500;Remy;Vinnie;ROSES;SEASHELLS;14522.0;2
175600;Vladimir;Rhianna;GIFT_BASKET;SEASHELLS;70845.0;7
175900;Vinnie;Remy;STRAWBERRIES;SEASHELLS;4029.0;10
176100;Vinnie;Remy;CHOCOLATE;SEASHELLS;7951.0;7
176500;Vinnie;Remy;ROSES;SEASHELLS;14528.0;3
176800;Vinnie;Remy;ROSES;SEASHELLS;14525.0;5
177400;Remy;Vinnie;ROSES;SEASHELLS;14518.0;2
177500;Vinnie;Remy;STRAWBERRIES;SEASHELLS;4032.0;7
177600;Remy;Vinnie;ROSES;SEASHELLS;14513.0;3
178000;Vinnie;Remy;STRAWBERRIES;SEASHELLS;4031.0;6
178000;Ruby;Vinnie;GIFT_BASKET;SEASHELLS;70878.0;1
178200;Remy;Vinnie;STRAWBERRIES;SEASHELLS;4031.0;10
179000;Vinnie;Vladimir;STRAWBERRIES;SEASHELLS;4029.0;4
179300;Remy;Vinnie;STRAWBERRIES;SEASHELLS;4031.0;10
179300;Vinnie;Remy;CHOCOLATE;SEASHELLS;7943.0;6
179600;Vinnie;Remy;STRAWBERRIES;SEASHELLS;4029.0;7
179900;Vinnie;Remy;ROSES;SEASHELLS;14490.0;5
179900;Vinnie;Remy;STRAWBERRIES;SEASHELLS;4028.0;4
180300;Vinnie;Remy;CHOCOLATE;SEASHELLS;7942.0;7
180300;Vladimir;Ruby;GIFT_BASKET;SEASHELLS;70780.0;7
180600;Vinnie;Remy;STRAWBERRIES;SEASHELLS;4028.0;8
181100;Ruby;Vinnie;GIFT_BASKET;SEASHELLS;70818.0;1
181200;Vinnie;Vladimir;STRAWBERRIES;SEASHELLS;4028.0;3
181400;Remy;Vinnie;CHOCOLATE;SEASHELLS;7944.0;7
181500;Remy;Vinnie;CHOCOLATE;SEASHELLS;7943.0;8
181700;Remy;Vinnie;STRAWBERRIES;SEASHELLS;4030.0;10
181900;Vinnie;Vladimir;ROSES;SEASHELLS;14476.0;10
182100;Vinnie;Remy;CHOCOLATE;SEASHELLS;7942.0;5
182400;Remy;Vinnie;ROSES;SEASHELLS;14474.0;3
182600;Vinnie;Remy;CHOCOLATE;SEASHELLS;7940.0;8
183000;Vinnie;Remy;ROSES;SEASHELLS;14482.0;3
183400;Vinnie;Remy;STRAWBERRIES;SEASHELLS;4032.0;8
183600;Rhianna;Vinnie;GIFT_BASKET;SEASHELLS;70862.0;1
183600;Rhianna;Vladimir;GIFT_BASKET;SEASHELLS;70862.0;5
183700;Vinnie;Remy;ROSES;SEASHELLS;14484.0;1
183800;Remy;Vinnie;ROSES;SEASHELLS;14485.0;1
184200;Vinnie;Remy;ROSES;SEASHELLS;14488.0;2
184400;Remy;Vinnie;ROSES;SEASHELLS;14493.0;5
185000;Vinnie;Vladimir;CHOCOLATE;SEASHELLS;7944.0;6
185400;Vinnie;Vladimir;STRAWBERRIES;SEASHELLS;4032.0;12
185700;Rhianna;Vinnie;GIFT_BASKET;SEASHELLS;70800.0;1
186100;Remy;Vinnie;CHOCOLATE;SEASHELLS;7945.0;7
186200;Remy;Vinnie;ROSES;SEASHELLS;14486.0;4
186400;Vinnie;Remy;ROSES;SEASHELLS;14477.0;3
186400;Vinnie;Remy;CHOCOLATE;SEASHELLS;7943.0;6
186800;Remy;Vinnie;STRAWBERRIES;SEASHELLS;4031.0;4
186900;Remy;Vinnie;CHOCOLATE;SEASHELLS;7944.0;8
187600;Vinnie;Remy;ROSES;SEASHELLS;14478.0;1
187700;Vinnie;Vladimir;STRAWBERRIES;SEASHELLS;4029.0;3
187900;Remy;Vinnie;CHOCOLATE;SEASHELLS;7942.0;5
188100;Vinnie;Remy;ROSES;SEASHELLS;14474.0;2
189000;Remy;Vinnie;ROSES;SEASHELLS;14480.0;5
189300;Vinnie;Vladimir;ROSES;SEASHELLS;14469.0;8
189400;Remy;Vinnie;STRAWBERRIES;SEASHELLS;4030.0;8
189500;Vinnie;Remy;CHOCOLATE;SEASHELLS;7939.0;6
189600;Vinnie;Remy;STRAWBERRIES;SEASHELLS;4028.0;6
189700;Vinnie;Remy;STRAWBERRIES;SEASHELLS;4028.0;5
189800;Vinnie;Vladimir;STRAWBERRIES;SEASHELLS;4028.0;8
189900;Vladimir;Ruby;GIFT_BASKET;SEASHELLS;70758.0;7
190200;Ruby;Vladimir;GIFT_BASKET;SEASHELLS;70775.0;9
190300;Remy;Vinnie;ROSES;SEASHELLS;14468.0;5
191300;Vinnie;Vladimir;CHOCOLATE;SEASHELLS;7944.0;9
191300;Remy;Vinnie;STRAWBERRIES;SEASHELLS;4028.0;7
191400;Remy;Vinnie;CHOCOLATE;SEASHELLS;7945.0;5
191800;Remy;Vinnie;STRAWBERRIES;SEASHELLS;4028.0;5
191800;Remy;Vinnie;ROSES;SEASHELLS;14471.0;3
192300;Rhianna;Vinnie;GIFT_BASKET;SEASHELLS;70735.0;1
192300;Rhianna;Vladimir;GIFT_BASKET;SEASHELLS;70735.0;5
192300;Rhianna;Vinnie;GIFT_BASKET;SEASHELLS;70729.0;1
192900;Vladimir;Ruby;GIFT_BASKET;SEASHELLS;70724.0;5
193000;Remy;Vinnie;CHOCOLATE;SEASHELLS;7939.0;6
193100;Remy;Vinnie;CHOCOLATE;SEASHELLS;7938.0;6
193400;Remy;Vinnie;ROSES;SEASHELLS;14453.0;3
193600;Rhianna;Vladimir;GIFT_BASKET;SEASHELLS;70695.0;5
193600;Remy;Vinnie;CHOCOLATE;SEASHELLS;7938.0;8
194900;Vinnie;Remy;STRAWBERRIES;SEASHELLS;4025.0;10
195200;Ruby;Vladimir;GIFT_BASKET;SEASHELLS;70666.0;6
195600;Remy;Vinnie;CHOCOLATE;SEASHELLS;7936.0;5
195700;Vinnie;Vladimir;STRAWBERRIES;SEASHELLS;4025.0;3
196000;Vinnie;Vladimir;STRAWBERRIES;SEASHELLS;4026.0;9
196600;Vinnie;Remy;CHOCOLATE;SEASHELLS;7931.0;7
196600;Vinnie;Remy;ROSES;SEASHELLS;14476.0;1
196900;Vinnie;Remy;ROSES;SEASHELLS;14481.0;2
197100;Vinnie;Remy;CHOCOLATE;SEASHELLS;7930.0;8
197500;Vinnie;Remy;STRAWBERRIES;SEASHELLS;4029.0;8
197700;Vinnie;Vladimir;STRAWBERRIES;SEASHELLS;4030.0;8
198200;Remy;Vinnie;STRAWBERRIES;SEASHELLS;4031.0;4
198500;Vladimir;Ruby;GIFT_BASKET;SEASHELLS;70670.0;6
198700;Vinnie;Remy;STRAWBERRIES;SEASHELLS;4030.0;6
199200;Ruby;Vinnie;GIFT_BASKET;SEASHELLS;70686.0;1
199400;Vinnie;Remy;STRAWBERRIES;SEASHELLS;4030.0;9
199500;Remy;Vinnie;STRAWBERRIES;SEASHELLS;4032.0;4
200100;Remy;Vinnie;CHOCOLATE;SEASHELLS;7939.0;8
200200;Remy;Vinnie;STRAWBERRIES;SEASHELLS;4032.0;8
200300;Vinnie;Remy;STRAWBERRIES;SEASHELLS;4031.0;8
200800;Vinnie;Remy;ROSES;SEASHELLS;14492.0;5
201000;Vinnie;Remy;ROSES;SEASHELLS;14493.0;1
201400;Vinnie;Remy;ROSES;SEASHELLS;14485.0;2
201800;Ruby;Vinnie;GIFT_BASKET;SEASHELLS;70739.0;1
202400;Remy;Vinnie;CHOCOLATE;SEASHELLS;7945.0;7
203100;Vinnie;Remy;CHOCOLATE;SEASHELLS;7946.0;7
204600;Remy;Vinnie;CHOCOLATE;SEASHELLS;7948.0;8
205000;Remy;Vinnie;STRAWBERRIES;SEASHELLS;4030.0;9
205100;Vinnie;Remy;CHOCOLATE;SEASHELLS;7948.0;6
205200;Vinnie;Vladimir;STRAWBERRIES;SEASHELLS;4029.0;9
205400;Remy;Vinnie;STRAWBERRIES;SEASHELLS;4030.0;8
205500;Vinnie;Vladimir;ROSES;SEASHELLS;14495.0;9
206200;Remy;Vinnie;ROSES;SEASHELLS;14498.0;1
206300;Vinnie;Vladimir;STRAWBERRIES;SEASHELLS;4027.0;10
206500;Vinnie;Remy;STRAWBERRIES;SEASHELLS;4027.0;5
206600;Remy;Vinnie;ROSES;SEASHELLS;14501.0;2
206600;Ruby;Vladimir;GIFT_BASKET;SEASHELLS;70819.0;10
207100;Vinnie;Remy;ROSES;SEASHELLS;14505.0;1
207800;Vinnie;Remy;CHOCOLATE;SEASHELLS;7950.0;7
207900;Vinnie;Remy;ROSES;SEASHELLS;14500.0;2
208300;Remy;Vinnie;CHOCOLATE;SEASHELLS;7952.0;7
209200;Remy;Vinnie;CHOCOLATE;SEASHELLS;7955.0;6
209500;Vinnie;Remy;CHOCOLATE;SEASHELLS;7953.0;8
209700;Remy;Vinnie;STRAWBERRIES;SEASHELLS;4027.0;10
209800;Vinnie;Vladimir;STRAWBERRIES;SEASHELLS;4026.0;4
210100;Remy;Vinnie;STRAWBERRIES;SEASHELLS;4028.0;10
210200;Remy;Vinnie;CHOCOLATE;SEASHELLS;7955.0;6
210200;Remy;Vinnie;ROSES;SEASHELLS;14501.0;3
210500;Vinnie;Remy;CHOCOLATE;SEASHELLS;7954.0;5
210700;Vinnie;Remy;ROSES;SEASHELLS;14500.0;4
211000;Remy;Vinnie;CHOCOLATE;SEASHELLS;7958.0;6
211100;Vinnie;Remy;ROSES;SEASHELLS;14505.0;2
211400;Vinnie;Remy;ROSES;SEASHELLS;14499.0;4
211600;Vinnie;Remy;CHOCOLATE;SEASHELLS;7958.0;6
211800;Vinnie;Vladimir;CHOCOLATE;SEASHELLS;7958.0;9
212200;Vinnie;Remy;CHOCOLATE;SEASHELLS;7958.0;7
212200;Remy;Vinnie;ROSES;SEASHELLS;14499.0;4
212300;Vinnie;Remy;CHOCOLATE;SEASHELLS;7957.0;8
213000;Remy;Vinnie;CHOCOLATE;SEASHELLS;7957.0;6
213200;Vinnie;Ruby;GIFT_BASKET;SEASHELLS;70841.0;1
213600;Vinnie;Remy;STRAWBERRIES;SEASHELLS;4032.0;10
213700;Vinnie;Ruby;GIFT_BASKET;SEASHELLS;70849.0;2
213800;Vinnie;Remy;ROSES;SEASHELLS;14498.0;2
214500;Vinnie;Vladimir;CHOCOLATE;SEASHELLS;7957.0;4
214600;Vladimir;Ruby;GIFT_BASKET;SEASHELLS;70865.0;9
214600;Vinnie;Remy;CHOCOLATE;SEASHELLS;7954.0;8
214900;Vinnie;Remy;ROSES;SEASHELLS;14511.0;1
215000;Remy;Vinnie;CHOCOLATE;SEASHELLS;7958.0;5
215300;Vinnie;Remy;ROSES;SEASHELLS;14507.0;2
215400;Remy;Vinnie;CHOCOLATE;SEASHELLS;7958.0;6
215400;Vinnie;Remy;STRAWBERRIES;SEASHELLS;4032.0;9
215700;Vinnie;Vladimir;STRAWBERRIES;SEASHELLS;4033.0;3
215900;Vinnie;Rhianna;GIFT_BASKET;SEASHELLS;70884.0;1
215900;Vladimir;Rhianna;GIFT_BASKET;SEASHELLS;70884.0;5
216200;Remy;Vinnie;CHOCOLATE;SEASHELLS;7959.0;5
216400;Remy;Vinnie;STRAWBERRIES;SEASHELLS;4033.0;6
216900;Vinnie;Ruby;GIFT_BASKET;SEASHELLS;70877.0;2
217600;Vinnie;Remy;CHOCOLATE;SEASHELLS;7961.0;8
217700;Vladimir;Rhianna;GIFT_BASKET;SEASHELLS;70851.0;6
217900;Remy;Vinnie;CHOCOLATE;SEASHELLS;7964.0;5
218300;Remy;Vinnie;CHOCOLATE;SEASHELLS;7962.0;7
218300;Vinnie;Vladimir;CHOCOLATE;SEASHELLS;7960.0;10
218400;Remy;Vinnie;ROSES;SEASHELLS;14473.0;1
218600;Vinnie;Vladimir;ROSES;SEASHELLS;14466.0;5
218800;Vinnie;Remy;CHOCOLATE;SEASHELLS;7957.0;5
218900;Ruby;Vinnie;GIFT_BASKET;SEASHELLS;70794.0;1
219100;Vinnie;Remy;CHOCOLATE;SEASHELLS;7957.0;8
219200;Vinnie;Remy;CHOCOLATE;SEASHELLS;7955.0;5
219600;Vinnie;Remy;STRAWBERRIES;SEASHELLS;4030.0;7
220000;Vinnie;Remy;STRAWBERRIES;SEASHELLS;4031.0;7
220100;Vinnie;Remy;CHOCOLATE;SEASHELLS;7958.0;8
220200;Vinnie;Remy;CHOCOLATE;SEASHELLS;7958.0;5
221300;Remy;Vinnie;ROSES;SEASHELLS;14482.0;4
221400;Vinnie;Remy;STRAWBERRIES;SEASHELLS;4033.0;4
222200;Rhianna;Vinnie;GIFT_BASKET;SEASHELLS;70869.0;1
222200;Rhianna;Vladimir;GIFT_BASKET;SEASHELLS;70869.0;2
222600;Remy;Vinnie;CHOCOLATE;SEASHELLS;7957.0;6
222700;Remy;Vinnie;STRAWBERRIES;SEASHELLS;4034.0;5
223200;Remy;Vinnie;ROSES;SEASHELLS;14497.0;3
223300;Vladimir;Rhianna;GIFT_BASKET;SEASHELLS;70903.0;2
223300;Vinnie;Rhianna;GIFT_BASKET;SEASHELLS;70904.0;1
223600;Vinnie;Rhianna;GIFT_BASKET;SEASHELLS;70886.0;2
223800;Vinnie;Remy;STRAWBERRIES;SEASHELLS;4031.0;7
223800;Remy;Vinnie;ROSES;SEASHELLS;14496.0;5
224700;Remy;Vinnie;STRAWBERRIES;SEASHELLS;4033.0;6
224800;Remy;Vinnie;CHOCOLATE;SEASHELLS;7960.0;6
225000;Vinnie;Remy;STRAWBERRIES;SEASHELLS;4032.0;5
225300;Vladimir;Rhianna;GIFT_BASKET;SEASHELLS;70896.0;6
225300;Vinnie;Rhianna;GIFT_BASKET;SEASHELLS;70897.0;2
225500;Rhianna;Vinnie;GIFT_BASKET;SEASHELLS;70911.0;2
225700;Vinnie;Remy;STRAWBERRIES;SEASHELLS;4032.0;10
226400;Remy;Vinnie;STRAWBERRIES;SEASHELLS;4033.0;4
226500;Vladimir;Rhianna;GIFT_BASKET;SEASHELLS;70875.0;1
226500;Vinnie;Rhianna;GIFT_BASKET;SEASHELLS;70876.0;2
226600;Remy;Vinnie;ROSES;SEASHELLS;14475.0;1
227400;Vinnie;Remy;CHOCOLATE;SEASHELLS;7961.0;6
227500;Vinnie;Remy;CHOCOLATE;SEASHELLS;7961.0;8
228200;Ruby;Vinnie;GIFT_BASKET;SEASHELLS;70893.0;2
228400;Remy;Vinnie;CHOCOLATE;SEASHELLS;7959.0;8
228500;Ruby;Vinnie;GIFT_BASKET;SEASHELLS;70872.0;1
229000;Vinnie;Remy;CHOCOLATE;SEASHELLS;7954.0;6
229100;Remy;Vinnie;ROSES;SEASHELLS;14482.0;2
229400;Vinnie;Vladimir;STRAWBERRIES;SEASHELLS;4031.0;7
229700;Vinnie;Remy;ROSES;SEASHELLS;14479.0;4
230100;Vinnie;Vladimir;CHOCOLATE;SEASHELLS;7953.0;8
230500;Vinnie;Vladimir;CHOCOLATE;SEASHELLS;7958.0;5
230500;Vinnie;Remy;STRAWBERRIES;SEASHELLS;4031.0;9
230600;Remy;Vinnie;CHOCOLATE;SEASHELLS;7957.0;5
232000;Vinnie;Ruby;GIFT_BASKET;SEASHELLS;70903.0;2
233000;Remy;Vinnie;CHOCOLATE;SEASHELLS;7954.0;8
233200;Vinnie;Remy;CHOCOLATE;SEASHELLS;7954.0;8
233200;Remy;Vinnie;STRAWBERRIES;SEASHELLS;4036.0;5
233300;Ruby;Vinnie;GIFT_BASKET;SEASHELLS;70916.0;1
233400;Remy;Vinnie;CHOCOLATE;SEASHELLS;7955.0;8
233700;Remy;Vinnie;CHOCOLATE;SEASHELLS;7955.0;8
233900;Vinnie;Remy;STRAWBERRIES;SEASHELLS;4035.0;5
234100;Remy;Vinnie;STRAWBERRIES;SEASHELLS;4035.0;9
234400;Vinnie;Vladimir;CHOCOLATE;SEASHELLS;7950.0;4
234600;Remy;Vinnie;STRAWBERRIES;SEASHELLS;4036.0;8
235200;Vinnie;Vladimir;STRAWBERRIES;SEASHELLS;4036.0;11
235800;Vinnie;Remy;STRAWBERRIES;SEASHELLS;4035.0;7
235800;Remy;Vinnie;CHOCOLATE;SEASHELLS;7948.0;8
236200;Vinnie;Vladimir;STRAWBERRIES;SEASHELLS;4036.0;5
236600;Ruby;Vinnie;GIFT_BASKET;SEASHELLS;70899.0;2
237000;Vinnie;Remy;ROSES;SEASHELLS;14482.0;5
237700;Remy;Vinnie;ROSES;SEASHELLS;14486.0;3
238100;Vinnie;Remy;CHOCOLATE;SEASHELLS;7949.0;6
238300;Remy;Vinnie;ROSES;SEASHELLS;14483.0;2
238400;Vinnie;Vladimir;STRAWBERRIES;SEASHELLS;4034.0;3
238700;Vinnie;Remy;CHOCOLATE;SEASHELLS;7950.0;8
239300;Vinnie;Remy;CHOCOLATE;SEASHELLS;7951.0;7
239500;Vinnie;Remy;ROSES;SEASHELLS;14490.0;4
239600;Vinnie;Vladimir;ROSES;SEASHELLS;14496.0;10
239800;Remy;Vinnie;CHOCOLATE;SEASHELLS;7954.0;7
239800;Remy;Vinnie;STRAWBERRIES;SEASHELLS;4036.0;10
240100;Vinnie;Rhianna;GIFT_BASKET;SEASHELLS;70980.0;1
240100;Vladimir;Rhianna;GIFT_BASKET;SEASHELLS;70979.0;1
240300;Vinnie;Remy;ROSES;SEASHELLS;14497.0;1
240400;Remy;Vinnie;ROSES;SEASHELLS;14496.0;3
240500;Remy;Vinnie;STRAWBERRIES;SEASHELLS;4036.0;7
241000;Remy;Vinnie;ROSES;SEASHELLS;14495.0;3
241100;Vinnie;Remy;ROSES;SEASHELLS;14493.0;2
241900;Vinnie;Vladimir;STRAWBERRIES;SEASHELLS;4036.0;3
242000;Remy;Vinnie;STRAWBERRIES;SEASHELLS;4038.0;10
242100;Vinnie;Remy;CHOCOLATE;SEASHELLS;7951.0;8
243100;Vinnie;Vladimir;STRAWBERRIES;SEASHELLS;4036.0;7
243300;Vinnie;Vladimir;ROSES;SEASHELLS;14485.0;4
243600;Remy;Vinnie;ROSES;SEASHELLS;14493.0;2
244000;Ruby;Vladimir;GIFT_BASKET;SEASHELLS;71026.0;5
244100;Vinnie;Remy;ROSES;SEASHELLS;14488.0;1
244200;Vinnie;Remy;ROSES;SEASHELLS;14487.0;1
244400;Vinnie;Remy;CHOCOLATE;SEASHELLS;7954.0;6
244500;Vinnie;Remy;CHOCOLATE;SEASHELLS;7954.0;7
244800;Vinnie;Remy;STRAWBERRIES;SEASHELLS;4036.0;8
244900;Vinnie;Vladimir;STRAWBERRIES;SEASHELLS;4036.0;12
245000;Vinnie;Remy;STRAWBERRIES;SEASHELLS;4036.0;6
245400;Vinnie;Vladimir;STRAWBERRIES;SEASHELLS;4036.0;3
245600;Vinnie;Remy;STRAWBERRIES;SEASHELLS;4036.0;4
245600;Vinnie;Vladimir;ROSES;SEASHELLS;14486.0;11
245800;Vinnie;Remy;CHOCOLATE;SEASHELLS;7959.0;7
245900;Vladimir;Rhianna;GIFT_BASKET;SEASHELLS;71066.0;5
245900;Vinnie;Vladimir;CHOCOLATE;SEASHELLS;7960.0;6
245900;Vinnie;Rhianna;GIFT_BASKET;SEASHELLS;71067.0;2
246300;Vinnie;Remy;CHOCOLATE;SEASHELLS;7960.0;5
246800;Remy;Vinnie;CHOCOLATE;SEASHELLS;7962.0;8
247200;Remy;Vinnie;STRAWBERRIES;SEASHELLS;4036.0;4
247300;Vinnie;Vladimir;STRAWBERRIES;SEASHELLS;4035.0;12
247400;Remy;Vinnie;STRAWBERRIES;SEASHELLS;4036.0;9
247400;Vinnie;Vladimir;CHOCOLATE;SEASHELLS;7965.0;6
247400;Vinnie;Vladimir;ROSES;SEASHELLS;14478.0;6
247500;Remy;Vinnie;STRAWBERRIES;SEASHELLS;4037.0;5
247800;Remy;Vinnie;ROSES;SEASHELLS;14480.0;3
247900;Remy;Vinnie;ROSES;SEASHELLS;14480.0;5
248100;Remy;Vinnie;ROSES;SEASHELLS;14484.0;5
248300;Vinnie;Vladimir;ROSES;SEASHELLS;14485.0;11
248500;Vinnie;Rhianna;GIFT_BASKET;SEASHELLS;71126.0;2
248500;Vladimir;Rhianna;GIFT_BASKET;SEASHELLS;71125.0;6
248900;Vinnie;Remy;ROSES;SEASHELLS;14480.0;1
249300;Vinnie;Vladimir;STRAWBERRIES;SEASHELLS;4038.0;7
249300;Vinnie;Remy;CHOCOLATE;SEASHELLS;7972.0;5
249700;Vinnie;Remy;ROSES;SEASHELLS;14503.0;1
250000;Vladimir;Vinnie;GIFT_BASKET;SEASHELLS;71163.0;1
250100;Remy;Vinnie;CHOCOLATE;SEASHELLS;7975.0;7
250500;Rhianna;Vinnie;GIFT_BASKET;SEASHELLS;71137.0;2
251000;Vinnie;Remy;CHOCOLATE;SEASHELLS;7972.0;6
251000;Remy;Vinnie;STRAWBERRIES;SEASHELLS;4038.0;5
251100;Remy;Vinnie;ROSES;SEASHELLS;14487.0;5
251400;Vladimir;Rhianna;GIFT_BASKET;SEASHELLS;71106.0;2
251400;Vinnie;Remy;ROSES;SEASHELLS;14483.0;1
251400;Vinnie;Rhianna;GIFT_BASKET;SEASHELLS;71107.0;1
251600;Vinnie;Remy;CHOCOLATE;SEASHELLS;7974.0;5
251800;Vinnie;Vladimir;STRAWBERRIES;SEASHELLS;4036.0;8
252000;Remy;Vinnie;CHOCOLATE;SEASHELLS;7977.0;8
252100;Vinnie;Vladimir;CHOCOLATE;SEASHELLS;7974.0;4
252200;Remy;Vinnie;STRAWBERRIES;SEASHELLS;4038.0;4
252200;Vinnie;Vladimir;ROSES;SEASHELLS;14480.0;10
252200;Rhianna;Vinnie;GIFT_BASKET;SEASHELLS;71129.0;2
252200;Rhianna;Vladimir;GIFT_BASKET;SEASHELLS;71129.0;6
252600;Remy;Vinnie;ROSES;SEASHELLS;14480.0;2
253800;Remy;Vinnie;STRAWBERRIES;SEASHELLS;4039.0;6
254200;Vinnie;Remy;STRAWBERRIES;SEASHELLS;4036.0;9
254400;Vinnie;Remy;CHOCOLATE;SEASHELLS;7978.0;5
254500;Vinnie;Remy;STRAWBERRIES;SEASHELLS;4035.0;8
255000;Vinnie;Remy;STRAWBERRIES;SEASHELLS;4036.0;10
255200;Remy;Vinnie;ROSES;SEASHELLS;14492.0;2
255400;Vinnie;Ruby;GIFT_BASKET;SEASHELLS;71117.0;2
256000;Vinnie;Vladimir;STRAWBERRIES;SEASHELLS;4036.0;7
256100;Vinnie;Remy;STRAWBERRIES;SEASHELLS;4037.0;8
256900;Remy;Vinnie;ROSES;SEASHELLS;14509.0;2
257200;Vinnie;Vladimir;STRAWBERRIES;SEASHELLS;4038.0;4
258300;Vinnie;Rhianna;GIFT_BASKET;SEASHELLS;71224.0;2
258700;Vladimir;Ruby;GIFT_BASKET;SEASHELLS;71209.0;5
259000;Remy;Vinnie;CHOCOLATE;SEASHELLS;7988.0;6
260200;Remy;Vinnie;CHOCOLATE;SEASHELLS;7982.0;8
260400;Vinnie;Remy;ROSES;SEASHELLS;14499.0;4
260700;Vinnie;Vladimir;CHOCOLATE;SEASHELLS;7982.0;5
260800;Remy;Vinnie;STRAWBERRIES;SEASHELLS;4036.0;7
261600;Vinnie;Vladimir;CHOCOLATE;SEASHELLS;7980.0;6
261800;Remy;Vinnie;CHOCOLATE;SEASHELLS;7982.0;7
262900;Vinnie;Remy;ROSES;SEASHELLS;14508.0;1
263000;Vinnie;Vladimir;STRAWBERRIES;SEASHELLS;4034.0;11
263100;Vinnie;Vladimir;STRAWBERRIES;SEASHELLS;4033.0;8
263100;Vinnie;Remy;STRAWBERRIES;SEASHELLS;4033.0;9
263400;Remy;Vinnie;ROSES;SEASHELLS;14520.0;3
263600;Remy;Vinnie;CHOCOLATE;SEASHELLS;7981.0;8
263800;Vinnie;Remy;ROSES;SEASHELLS;14526.0;5
263900;Vinnie;Remy;CHOCOLATE;SEASHELLS;7976.0;7
264400;Remy;Vinnie;STRAWBERRIES;SEASHELLS;4035.0;7
264400;Vinnie;Remy;ROSES;SEASHELLS;14523.0;1
264700;Vinnie;Vladimir;CHOCOLATE;SEASHELLS;7980.0;7
264900;Vladimir;Ruby;GIFT_BASKET;SEASHELLS;71122.0;5
265000;Vinnie;Remy;STRAWBERRIES;SEASHELLS;4034.0;10
265300;Vinnie;Vladimir;STRAWBERRIES;SEASHELLS;4033.0;11
265300;Vinnie;Remy;STRAWBERRIES;SEASHELLS;4033.0;10
265400;Vinnie;Remy;CHOCOLATE;SEASHELLS;7979.0;6
265900;Vinnie;Remy;CHOCOLATE;SEASHELLS;7982.0;6
266100;Vinnie;Remy;ROSES;SEASHELLS;14531.0;3
267200;Remy;Vinnie;CHOCOLATE;SEASHELLS;7978.0;6
268000;Vinnie;Remy;STRAWBERRIES;SEASHELLS;4035.0;7
268700;Vinnie;Vladimir;STRAWBERRIES;SEASHELLS;4035.0;3
268900;Remy;Vinnie;STRAWBERRIES;SEASHELLS;4038.0;5
269300;Vinnie;Vladimir;CHOCOLATE;SEASHELLS;7975.0;8
270200;Remy;Vinnie;ROSES;SEASHELLS;14559.0;4
270700;Vinnie;Vladimir;CHOCOLATE;SEASHELLS;7976.0;6
270900;Remy;Vinnie;ROSES;SEASHELLS;14557.0;2
271000;Rhianna;Vinnie;GIFT_BASKET;SEASHELLS;71195.0;2
271000;Vinnie;Remy;STRAWBERRIES;SEASHELLS;4034.0;10
271200;Remy;Vinnie;STRAWBERRIES;SEASHELLS;4035.0;5
271700;Remy;Vinnie;STRAWBERRIES;SEASHELLS;4034.0;10
271700;Remy;Vinnie;ROSES;SEASHELLS;14567.0;2
271800;Remy;Vinnie;CHOCOLATE;SEASHELLS;7975.0;7
272000;Vinnie;Remy;CHOCOLATE;SEASHELLS;7973.0;5
272100;Remy;Vinnie;CHOCOLATE;SEASHELLS;7975.0;6
272300;Vinnie;Vladimir;STRAWBERRIES;SEASHELLS;4034.0;9
272700;Remy;Vinnie;STRAWBERRIES;SEASHELLS;4035.0;5
272800;Remy;Vinnie;STRAWBERRIES;SEASHELLS;4034.0;7
272900;Vinnie;Vladimir;STRAWBERRIES;SEASHELLS;4033.0;4
273100;Vinnie;Remy;STRAWBERRIES;SEASHELLS;4033.0;5
273500;Vinnie;Vladimir;STRAWBERRIES;SEASHELLS;4035.0;11
273700;Remy;Vinnie;STRAWBERRIES;SEASHELLS;4037.0;9
274000;Remy;Vinnie;STRAWBERRIES;SEASHELLS;4037.0;9
274200;Vinnie;Remy;CHOCOLATE;SEASHELLS;7978.0;8
274400;Remy;Vinnie;CHOCOLATE;SEASHELLS;7979.0;7
274400;Remy;Vinnie;STRAWBERRIES;SEASHELLS;4036.0;4
274600;Vladimir;Ruby;GIFT_BASKET;SEASHELLS;71160.0;5
274700;Vinnie;Vladimir;STRAWBERRIES;SEASHELLS;4035.0;11
275200;Vinnie;Vladimir;ROSES;SEASHELLS;14563.0;6
275800;Vinnie;Remy;ROSES;SEASHELLS;14571.0;4
275900;Vinnie;Vladimir;ROSES;SEASHELLS;14567.0;11
276100;Vladimir;Rhianna;GIFT_BASKET;SEASHELLS;71184.0;1
276100;Vinnie;Rhianna;GIFT_BASKET;SEASHELLS;71184.0;2
276100;Vinnie;Rhianna;GIFT_BASKET;SEASHELLS;71189.0;3
276200;Vinnie;Remy;CHOCOLATE;SEASHELLS;7973.0;5
276400;Remy;Vinnie;CHOCOLATE;SEASHELLS;7975.0;7
277400;Ruby;Vladimir;GIFT_BASKET;SEASHELLS;71222.0;10
277500;Remy;Vinnie;STRAWBERRIES;SEASHELLS;4037.0;10
277800;Remy;Vinnie;CHOCOLATE;SEASHELLS;7970.0;7
278000;Ruby;Vinnie;GIFT_BASKET;SEASHELLS;71222.0;1
278900;Vinnie;Remy;CHOCOLATE;SEASHELLS;7975.0;7
279200;Remy;Vinnie;CHOCOLATE;SEASHELLS;7975.0;7
280300;Remy;Vinnie;ROSES;SEASHELLS;14620.0;4
280400;Vinnie;Remy;CHOCOLATE;SEASHELLS;7976.0;5
280600;Vinnie;Ruby;GIFT_BASKET;SEASHELLS;71220.0;1
280800;Remy;Vinnie;ROSES;SEASHELLS;14616.0;4
281100;Vinnie;Vladimir;CHOCOLATE;SEASHELLS;7978.0;6
281100;Remy;Vinnie;STRAWBERRIES;SEASHELLS;4039.0;9
281200;Vinnie;Remy;ROSES;SEASHELLS;14618.0;3
281200;Remy;Vinnie;STRAWBERRIES;SEASHELLS;4039.0;7
281300;Remy;Vinnie;CHOCOLATE;SEASHELLS;7981.0;8
281600;Remy;Vinnie;ROSES;SEASHELLS;14616.0;2
281700;Remy;Vinnie;CHOCOLATE;SEASHELLS;7980.0;8
281800;Remy;Vinnie;CHOCOLATE;SEASHELLS;7981.0;5
281900;Remy;Vinnie;ROSES;SEASHELLS;14622.0;3
282300;Vinnie;Remy;CHOCOLATE;SEASHELLS;7984.0;7
282900;Vinnie;Ruby;GIFT_BASKET;SEASHELLS;71274.0;1
283300;Remy;Vinnie;ROSES;SEASHELLS;14622.0;1
284200;Vinnie;Remy;STRAWBERRIES;SEASHELLS;4039.0;6
284300;Remy;Vinnie;STRAWBERRIES;SEASHELLS;4040.0;6
284900;Ruby;Vinnie;GIFT_BASKET;SEASHELLS;71312.0;2
285200;Vinnie;Vladimir;CHOCOLATE;SEASHELLS;7990.0;7
285500;Vinnie;Vladimir;CHOCOLATE;SEASHELLS;7987.0;4
285500;Vinnie;Rhianna;GIFT_BASKET;SEASHELLS;71279.0;2
285900;Vinnie;Vladimir;CHOCOLATE;SEASHELLS;7987.0;4
286600;Vinnie;Vladimir;STRAWBERRIES;SEASHELLS;4039.0;8
286900;Remy;Vinnie;CHOCOLATE;SEASHELLS;7992.0;7
288100;Vinnie;Vladimir;STRAWBERRIES;SEASHELLS;4039.0;6
288600;Vinnie;Rhianna;ROSES;SEASHELLS;14634.0;3
288600;Remy;Vinnie;ROSES;SEASHELLS;14636.0;4
288800;Remy;Vinnie;STRAWBERRIES;SEASHELLS;4040.0;8
289100;Remy;Vinnie;ROSES;SEASHELLS;14625.0;4
289100;Vinnie;Vladimir;ROSES;SEASHELLS;14624.0;8
289100;Vinnie;Remy;STRAWBERRIES;SEASHELLS;4038.0;7
289500;Vinnie;Vladimir;ROSES;SEASHELLS;14630.0;3
289500;Remy;Vinnie;ROSES;SEASHELLS;14631.0;4
289600;Remy;Vinnie;STRAWBERRIES;SEASHELLS;4039.0;5
289700;Vinnie;Remy;CHOCOLATE;SEASHELLS;7981.0;8
290000;Vinnie;Ruby;GIFT_BASKET;SEASHELLS;71234.0;1
290100;Remy;Vinnie;ROSES;SEASHELLS;14614.0;5
290300;Remy;Vinnie;CHOCOLATE;SEASHELLS;7980.0;5
290300;Vinnie;Remy;ROSES;SEASHELLS;14609.0;5
290400;Vinnie;Remy;ROSES;SEASHELLS;14605.0;3
290700;Vinnie;Vladimir;STRAWBERRIES;SEASHELLS;4040.0;6
290900;Rhianna;Vladimir;GIFT_BASKET;SEASHELLS;71222.0;4
290900;Rhianna;Vinnie;GIFT_BASKET;SEASHELLS;71222.0;2
291300;Vinnie;Vladimir;ROSES;SEASHELLS;14597.0;9
292000;Remy;Vinnie;ROSES;SEASHELLS;14596.0;1
292100;Remy;Vinnie;CHOCOLATE;SEASHELLS;7977.0;8
292300;Remy;Vinnie;CHOCOLATE;SEASHELLS;7978.0;8
292500;Remy;Vinnie;STRAWBERRIES;SEASHELLS;4042.0;5
292900;Ruby;Vladimir;GIFT_BASKET;SEASHELLS;71228.0;7
293800;Remy;Vinnie;STRAWBERRIES;SEASHELLS;4040.0;4
294000;Vinnie;Remy;ROSES;SEASHELLS;14590.0;3
294100;Vinnie;Vladimir;STRAWBERRIES;SEASHELLS;4038.0;10
294200;Remy;Vinnie;STRAWBERRIES;SEASHELLS;4041.0;10
294300;Rhianna;Vinnie;GIFT_BASKET;SEASHELLS;71257.0;1
295400;Vinnie;Remy;CHOCOLATE;SEASHELLS;7981.0;6
295700;Vinnie;Remy;STRAWBERRIES;SEASHELLS;4039.0;5
295800;Ruby;Vinnie;GIFT_BASKET;SEASHELLS;71255.0;1
296000;Vladimir;Remy;STRAWBERRIES;SEASHELLS;4039.0;5
296100;Vladimir;Vinnie;GIFT_BASKET;SEASHELLS;71251.0;1
296800;Remy;Vinnie;CHOCOLATE;SEASHELLS;7977.0;6
296800;Vinnie;Vladimir;ROSES;SEASHELLS;14587.0;8
296900;Vinnie;Ruby;GIFT_BASKET;SEASHELLS;71250.0;2
297000;Remy;Vinnie;STRAWBERRIES;SEASHELLS;4041.0;4
297300;Remy;Vinnie;STRAWBERRIES;SEASHELLS;4041.0;10
297800;Vinnie;Remy;STRAWBERRIES;SEASHELLS;4038.0;8
298200;Remy;Vinnie;CHOCOLATE;SEASHELLS;7968.0;8
298200;Rhianna;Vinnie;GIFT_BASKET;SEASHELLS;71249.0;1
298900;Vinnie;Vladimir;STRAWBERRIES;SEASHELLS;4038.0;9
299200;Remy;Vinnie;ROSES;SEASHELLS;14575.0;1
299900;Vinnie;Vladimir;STRAWBERRIES;SEASHELLS;4039.0;12
300500;Remy;Vinnie;CHOCOLATE;SEASHELLS;7965.0;6
300600;Vinnie;Remy;STRAWBERRIES;SEASHELLS;4041.0;5
301200;Remy;Vinnie;ROSES;SEASHELLS;14565.0;2
301300;Vinnie;Vladimir;STRAWBERRIES;SEASHELLS;4041.0;4
301300;Remy;Vinnie;ROSES;SEASHELLS;14566.0;2
301500;Vinnie;Remy;ROSES;SEASHELLS;14565.0;5
301600;Remy;Vinnie;CHOCOLATE;SEASHELLS;7963.0;5
301800;Vinnie;Vladimir;STRAWBERRIES;SEASHELLS;4041.0;5
301900;Vinnie;Remy;CHOCOLATE;SEASHELLS;7963.0;7
302200;Vinnie;Vladimir;STRAWBERRIES;SEASHELLS;4043.0;9
302600;Vinnie;Remy;ROSES;SEASHELLS;14563.0;5
302600;Vladimir;Rhianna;GIFT_BASKET;SEASHELLS;71230.0;3
302600;Vinnie;Rhianna;GIFT_BASKET;SEASHELLS;71231.0;1
302900;Vinnie;Vladimir;STRAWBERRIES;SEASHELLS;4042.0;3
303000;Vinnie;Remy;STRAWBERRIES;SEASHELLS;4042.0;5
303200;Vinnie;Vladimir;STRAWBERRIES;SEASHELLS;4041.0;9
303500;Vinnie;Vladimir;ROSES;SEASHELLS;14552.0;4
303600;Vinnie;Remy;STRAWBERRIES;SEASHELLS;4040.0;7
304500;Vinnie;Ruby;GIFT_BASKET;SEASHELLS;71193.0;1
304600;Vinnie;Vladimir;STRAWBERRIES;SEASHELLS;4039.0;12
305000;Vinnie;Remy;STRAWBERRIES;SEASHELLS;4039.0;7
305100;Rhianna;Vladimir;GIFT_BASKET;SEASHELLS;71250.0;3
305200;Remy;Vinnie;STRAWBERRIES;SEASHELLS;4041.0;5
305300;Remy;Vinnie;STRAWBERRIES;SEASHELLS;4041.0;9
305500;Remy;Vinnie;ROSES;SEASHELLS;14547.0;5
305600;Remy;Vinnie;STRAWBERRIES;SEASHELLS;4041.0;5
305600;Vladimir;Ruby;GIFT_BASKET;SEASHELLS;71246.0;6
305700;Vinnie;Remy;CHOCOLATE;SEASHELLS;7967.0;6
305800;Vinnie;Remy;ROSES;SEASHELLS;14541.0;4
305900;Vinnie;Vladimir;STRAWBERRIES;SEASHELLS;4040.0;11
306000;Vinnie;Ruby;GIFT_BASKET;SEASHELLS;71243.0;1
306200;Remy;Vinnie;ROSES;SEASHELLS;14548.0;5
306400;Remy;Vinnie;CHOCOLATE;SEASHELLS;7965.0;8
306600;Remy;Vinnie;CHOCOLATE;SEASHELLS;7966.0;5
306800;Vinnie;Remy;CHOCOLATE;SEASHELLS;7967.0;5
307100;Remy;Vinnie;ROSES;SEASHELLS;14556.0;3
307100;Vinnie;Remy;STRAWBERRIES;SEASHELLS;4040.0;4
307800;Vinnie;Remy;STRAWBERRIES;SEASHELLS;4039.0;6
307900;Remy;Vinnie;STRAWBERRIES;SEASHELLS;4040.0;8
308400;Vinnie;Remy;ROSES;SEASHELLS;14553.0;2
308500;Remy;Vinnie;CHOCOLATE;SEASHELLS;7970.0;7
308700;Vinnie;Remy;STRAWBERRIES;SEASHELLS;4039.0;4
308800;Remy;Vinnie;CHOCOLATE;SEASHELLS;7973.0;8
309500;Remy;Vinnie;CHOCOLATE;SEASHELLS;7974.0;7
309700;Vinnie;Remy;STRAWBERRIES;SEASHELLS;4039.0;7
310000;Rhianna;Vinnie;GIFT_BASKET;SEASHELLS;71300.0;2
310400;Vinnie;Remy;CHOCOLATE;SEASHELLS;7971.0;8
310500;Remy;Vinnie;ROSES;SEASHELLS;14552.0;2
311000;Remy;Vladimir;CHOCOLATE;SEASHELLS;7972.0;6
311100;Remy;Vinnie;STRAWBERRIES;SEASHELLS;4044.0;8
311300;Remy;Vinnie;CHOCOLATE;SEASHELLS;7977.0;8
312300;Remy;Vinnie;ROSES;SEASHELLS;14557.0;4
312500;Remy;Vinnie;ROSES;SEASHELLS;14559.0;1
312500;Remy;Vinnie;STRAWBERRIES;SEASHELLS;4043.0;4
313500;Vladimir;Rhianna;GIFT_BASKET;SEASHELLS;71258.0;7
313500;Remy;Vinnie;CHOCOLATE;SEASHELLS;7980.0;8
313500;Remy;Vinnie;ROSES;SEASHELLS;14555.0;5
313500;Vinnie;Rhianna;GIFT_BASKET;SEASHELLS;71258.0;1
313800;Remy;Vinnie;ROSES;SEASHELLS;14551.0;2
313900;Vinnie;Vladimir;STRAWBERRIES;SEASHELLS;4041.0;7
314300;Remy;Vinnie;ROSES;SEASHELLS;14547.0;5
314400;Vinnie;Remy;CHOCOLATE;SEASHELLS;7973.0;6
314400;Vinnie;Vladimir;STRAWBERRIES;SEASHELLS;4042.0;12
314400;Remy;Vinnie;STRAWBERRIES;SEASHELLS;4043.0;9
315300;Vinnie;Vladimir;CHOCOLATE;SEASHELLS;7973.0;10
315400;Vinnie;Rhianna;GIFT_BASKET;SEASHELLS;71218.0;2
315400;Vladimir;Rhianna;GIFT_BASKET;SEASHELLS;71217.0;1
315800;Vinnie;Remy;CHOCOLATE;SEASHELLS;7970.0;7
315900;Remy;Vinnie;ROSES;SEASHELLS;14534.0;5
316100;Remy;Vinnie;CHOCOLATE;SEASHELLS;7969.0;5
316400;Vinnie;Remy;ROSES;SEASHELLS;14532.0;3
316500;Vinnie;Remy;ROSES;SEASHELLS;14533.0;3
316600;Vinnie;Remy;ROSES;SEASHELLS;14535.0;3
316700;Vinnie;Remy;ROSES;SEASHELLS;14538.0;3
316800;Remy;Vinnie;CHOCOLATE;SEASHELLS;7972.0;8
317200;Vinnie;Remy;ROSES;SEASHELLS;14540.0;3
317400;Rhianna;Vinnie;GIFT_BASKET;SEASHELLS;71186.0;1
317400;Rhianna;Vladimir;GIFT_BASKET;SEASHELLS;71186.0;4
317500;Vinnie;Vladimir;STRAWBERRIES;SEASHELLS;4042.0;9
317700;Vinnie;Vladimir;CHOCOLATE;SEASHELLS;7969.0;6
318300;Vinnie;Vladimir;STRAWBERRIES;SEASHELLS;4039.0;9
318400;Remy;Vinnie;ROSES;SEASHELLS;14539.0;5
318500;Vinnie;Remy;ROSES;SEASHELLS;14532.0;4
319200;Vinnie;Vladimir;STRAWBERRIES;SEASHELLS;4040.0;8
319300;Remy;Vinnie;ROSES;SEASHELLS;14530.0;5
319500;Vinnie;Remy;STRAWBERRIES;SEASHELLS;4041.0;5
319500;Vinnie;Vladimir;STRAWBERRIES;SEASHELLS;4041.0;7
319700;Vladimir;Rhianna;GIFT_BASKET;SEASHELLS;71095.0;3
319700;Vinnie;Vladimir;CHOCOLATE;SEASHELLS;7966.0;4
319900;Vinnie;Vladimir;STRAWBERRIES;SEASHELLS;4041.0;5
320000;Vinnie;Vladimir;ROSES;SEASHELLS;14526.0;6
320400;Vinnie;Remy;STRAWBERRIES;SEASHELLS;4041.0;8
320400;Vinnie;Remy;ROSES;SEASHELLS;14530.0;2
321200;Remy;Vinnie;ROSES;SEASHELLS;14522.0;3
321400;Remy;Vinnie;CHOCOLATE;SEASHELLS;7970.0;6
321500;Vinnie;Vladimir;ROSES;SEASHELLS;14524.0;6
321900;Vinnie;Remy;CHOCOLATE;SEASHELLS;7968.0;7
321900;Vinnie;Vladimir;STRAWBERRIES;SEASHELLS;4041.0;10
322100;Vinnie;Vladimir;STRAWBERRIES;SEASHELLS;4041.0;3
322900;Vinnie;Remy;STRAWBERRIES;SEASHELLS;4040.0;6
323000;Vinnie;Remy;ROSES;SEASHELLS;14508.0;5
323100;Remy;Vinnie;ROSES;SEASHELLS;14509.0;1
324100;Rhianna;Vinnie;GIFT_BASKET;SEASHELLS;71067.0;6
324100;Rhianna;Vladimir;GIFT_BASKET;SEASHELLS;71072.0;2
324500;Vinnie;Vladimir;STRAWBERRIES;SEASHELLS;4041.0;11
324700;Vinnie;Remy;ROSES;SEASHELLS;14507.0;1
324800;Remy;Vinnie;ROSES;SEASHELLS;14511.0;1
324800;Vinnie;Vladimir;STRAWBERRIES;SEASHELLS;4042.0;8
325200;Vinnie;Remy;STRAWBERRIES;SEASHELLS;4043.0;10
326300;Vinnie;Remy;ROSES;SEASHELLS;14517.0;2
326400;Remy;Vinnie;ROSES;SEASHELLS;14517.0;3
327100;Remy;Vinnie;ROSES;SEASHELLS;14518.0;1
327200;Vinnie;Vladimir;STRAWBERRIES;SEASHELLS;4045.0;9
327200;Remy;Vinnie;CHOCOLATE;SEASHELLS;7974.0;8
327400;Remy;Vinnie;ROSES;SEASHELLS;14520.0;4
327600;Rhianna;Vinnie;GIFT_BASKET;SEASHELLS;71144.0;2
327600;Rhianna;Vladimir;GIFT_BASKET;SEASHELLS;71144.0;6
327700;Vinnie;Vladimir;CHOCOLATE;SEASHELLS;7977.0;4
327800;Vinnie;Remy;STRAWBERRIES;SEASHELLS;4047.0;9
328300;Vinnie;Vladimir;CHOCOLATE;SEASHELLS;7980.0;9
328400;Vinnie;Remy;CHOCOLATE;SEASHELLS;7979.0;7
329100;Vinnie;Remy;CHOCOLATE;SEASHELLS;7983.0;6
329100;Vinnie;Vladimir;CHOCOLATE;SEASHELLS;7983.0;8
329300;Vinnie;Remy;STRAWBERRIES;SEASHELLS;4046.0;10
329400;Remy;Vinnie;CHOCOLATE;SEASHELLS;7985.0;8
329500;Vladimir;Rhianna;GIFT_BASKET;SEASHELLS;71123.0;2
329500;Vinnie;Rhianna;GIFT_BASKET;SEASHELLS;71129.0;1
329800;Vinnie;Remy;ROSES;SEASHELLS;14520.0;1
330000;Vinnie;Remy;CHOCOLATE;SEASHELLS;7982.0;5
330100;Remy;Vinnie;ROSES;SEASHELLS;14521.0;4
330200;Vinnie;Remy;CHOCOLATE;SEASHELLS;7980.0;5
331100;Vinnie;Vladimir;CHOCOLATE;SEASHELLS;7975.0;9
331300;Remy;Vinnie;STRAWBERRIES;SEASHELLS;4046.0;10
332000;Vinnie;Remy;CHOCOLATE;SEASHELLS;7974.0;8
332000;Remy;Vinnie;ROSES;SEASHELLS;14526.0;4
332800;Vinnie;Remy;CHOCOLATE;SEASHELLS;7970.0;6
332900;Vinnie;Remy;STRAWBERRIES;SEASHELLS;4048.0;9
333000;Vinnie;Remy;CHOCOLATE;SEASHELLS;7968.0;6
333200;Vinnie;Remy;STRAWBERRIES;SEASHELLS;4047.0;6
333200;Remy;Vinnie;CHOCOLATE;SEASHELLS;7970.0;7
333800;Vinnie;Vladimir;CHOCOLATE;SEASHELLS;7969.0;4
333800;Vinnie;Vladimir;STRAWBERRIES;SEASHELLS;4047.0;6
333800;Vinnie;Remy;CHOCOLATE;SEASHELLS;7969.0;5
334700;Remy;Vinnie;CHOCOLATE;SEASHELLS;7968.0;5
334800;Vinnie;Remy;STRAWBERRIES;SEASHELLS;4049.0;5
334900;Vinnie;Remy;STRAWBERRIES;SEASHELLS;4049.0;5
335200;Vinnie;Remy;STRAWBERRIES;SEASHELLS;4050.0;10
335800;Vinnie;Remy;CHOCOLATE;SEASHELLS;7967.0;8
335900;Vinnie;Remy;CHOCOLATE;SEASHELLS;7965.0;5
336200;Vinnie;Remy;CHOCOLATE;SEASHELLS;7964.0;8
336500;Vinnie;Vladimir;ROSES;SEASHELLS;14524.0;3
336600;Remy;Vinnie;STRAWBERRIES;SEASHELLS;4051.0;5
336700;Vinnie;Remy;STRAWBERRIES;SEASHELLS;4050.0;4
337000;Vinnie;Remy;CHOCOLATE;SEASHELLS;7964.0;5
338400;Vinnie;Remy;ROSES;SEASHELLS;14519.0;4
338900;Vinnie;Remy;ROSES;SEASHELLS;14528.0;5
339400;Vinnie;Vladimir;ROSES;SEASHELLS;14527.0;9
339400;Remy;Vinnie;ROSES;SEASHELLS;14528.0;3
339800;Vinnie;Vladimir;ROSES;SEASHELLS;14524.0;4
339900;Remy;Vinnie;ROSES;SEASHELLS;14524.0;4
340000;Vinnie;Remy;ROSES;SEASHELLS;14523.0;3
340200;Remy;Vinnie;CHOCOLATE;SEASHELLS;7960.0;7
340400;Remy;Vinnie;CHOCOLATE;SEASHELLS;7959.0;5
340900;Vinnie;Remy;CHOCOLATE;SEASHELLS;7958.0;7
341000;Remy;Vinnie;ROSES;SEASHELLS;14520.0;5
341100;Rhianna;Vinnie;GIFT_BASKET;SEASHELLS;71016.0;2
341100;Rhianna;Vladimir;GIFT_BASKET;SEASHELLS;71016.0;1
341800;Vinnie;Rhianna;GIFT_BASKET;SEASHELLS;70972.0;1
341800;Vladimir;Rhianna;GIFT_BASKET;SEASHELLS;70971.0;1
341900;Vinnie;Vladimir;CHOCOLATE;SEASHELLS;7956.0;9
342200;Remy;Vinnie;STRAWBERRIES;SEASHELLS;4054.0;6
342400;Remy;Vinnie;STRAWBERRIES;SEASHELLS;4052.0;9
342500;Vinnie;Remy;CHOCOLATE;SEASHELLS;7954.0;5
342600;Vinnie;Remy;STRAWBERRIES;SEASHELLS;4051.0;8
342900;Vinnie;Remy;STRAWBERRIES;SEASHELLS;4051.0;10
343400;Vinnie;Remy;CHOCOLATE;SEASHELLS;7957.0;7
343600;Vinnie;Remy;STRAWBERRIES;SEASHELLS;4052.0;10
343900;Vinnie;Remy;ROSES;SEASHELLS;14499.0;2
344300;Ruby;Vinnie;GIFT_BASKET;SEASHELLS;71009.0;1
344300;Remy;Vinnie;ROSES;SEASHELLS;14501.0;5
344600;Vinnie;Remy;STRAWBERRIES;SEASHELLS;4052.0;5
344700;Ruby;Vladimir;GIFT_BASKET;SEASHELLS;70974.0;10
344900;Remy;Vinnie;ROSES;SEASHELLS;14484.0;5
344900;Vinnie;Remy;STRAWBERRIES;SEASHELLS;4052.0;8
345400;Vinnie;Remy;ROSES;SEASHELLS;14492.0;5
345700;Vinnie;Vladimir;STRAWBERRIES;SEASHELLS;4053.0;4
346100;Vinnie;Remy;CHOCOLATE;SEASHELLS;7954.0;7
346200;Vinnie;Remy;CHOCOLATE;SEASHELLS;7954.0;6
346600;Ruby;Vladimir;GIFT_BASKET;SEASHELLS;70979.0;6
346800;Vinnie;Remy;CHOCOLATE;SEASHELLS;7954.0;7
347100;Remy;Vinnie;ROSES;SEASHELLS;14499.0;1
347800;Vinnie;Vladimir;STRAWBERRIES;SEASHELLS;4054.0;3
348300;Vinnie;Vladimir;CHOCOLATE;SEASHELLS;7949.0;10
348700;Remy;Vinnie;STRAWBERRIES;SEASHELLS;4056.0;5
348800;Vinnie;Remy;ROSES;SEASHELLS;14511.0;3
348800;Vinnie;Remy;STRAWBERRIES;SEASHELLS;4054.0;9
348900;Vinnie;Vladimir;STRAWBERRIES;SEASHELLS;4053.0;7
349800;Vinnie;Remy;STRAWBERRIES;SEASHELLS;4055.0;6
349900;Vinnie;Remy;STRAWBERRIES;SEASHELLS;4055.0;7
350200;Vinnie;Rhianna;GIFT_BASKET;SEASHELLS;70984.0;4
350400;Vinnie;Remy;ROSES;SEASHELLS;14518.0;1
350400;Vinnie;Vladimir;CHOCOLATE;SEASHELLS;7953.0;4
350600;Remy;Vinnie;CHOCOLATE;SEASHELLS;7952.0;7
350900;Vinnie;Vladimir;STRAWBERRIES;SEASHELLS;4051.0;7
351600;Vinnie;Vladimir;ROSES;SEASHELLS;14511.0;11
351700;Vinnie;Vladimir;STRAWBERRIES;SEASHELLS;4051.0;6
352200;Remy;Vinnie;ROSES;SEASHELLS;14513.0;4
352300;Vinnie;Remy;STRAWBERRIES;SEASHELLS;4051.0;5
352900;Vinnie;Vladimir;STRAWBERRIES;SEASHELLS;4051.0;5
353000;Remy;Vinnie;CHOCOLATE;SEASHELLS;7960.0;7
353300;Vinnie;Remy;CHOCOLATE;SEASHELLS;7959.0;5
353300;Vinnie;Remy;ROSES;SEASHELLS;14513.0;4
353700;Vinnie;Remy;STRAWBERRIES;SEASHELLS;4049.0;5
354100;Ruby;Vinnie;GIFT_BASKET;SEASHELLS;70974.0;1
354200;Vinnie;Vladimir;CHOCOLATE;SEASHELLS;7959.0;8
354300;Remy;Vinnie;STRAWBERRIES;SEASHELLS;4050.0;9
354900;Vinnie;Remy;ROSES;SEASHELLS;14514.0;4
355000;Vinnie;Remy;STRAWBERRIES;SEASHELLS;4049.0;5
355200;Vinnie;Vladimir;CHOCOLATE;SEASHELLS;7958.0;6
355300;Rhianna;Vinnie;GIFT_BASKET;SEASHELLS;70985.0;1
356000;Vinnie;Remy;STRAWBERRIES;SEASHELLS;4050.0;4
356100;Remy;Vinnie;ROSES;SEASHELLS;14529.0;4
356200;Vinnie;Vladimir;ROSES;SEASHELLS;14530.0;5
356200;Remy;Vinnie;STRAWBERRIES;SEASHELLS;4052.0;5
356500;Vinnie;Remy;STRAWBERRIES;SEASHELLS;4051.0;4
356600;Vinnie;Remy;STRAWBERRIES;SEASHELLS;4051.0;10
357800;Vinnie;Remy;CHOCOLATE;SEASHELLS;7963.0;7
357900;Vinnie;Remy;STRAWBERRIES;SEASHELLS;4051.0;4
358400;Vinnie;Remy;CHOCOLATE;SEASHELLS;7966.0;6
358500;Vinnie;Remy;STRAWBERRIES;SEASHELLS;4052.0;7
358700;Vinnie;Rhianna;GIFT_BASKET;SEASHELLS;71014.0;2
358700;Vladimir;Rhianna;GIFT_BASKET;SEASHELLS;71008.0;6
359000;Ruby;Vinnie;GIFT_BASKET;SEASHELLS;71013.0;1
359000;Remy;Vinnie;ROSES;SEASHELLS;14513.0;4
359300;Vinnie;Vladimir;STRAWBERRIES;SEASHELLS;4050.0;12
359400;Remy;Vinnie;CHOCOLATE;SEASHELLS;7965.0;6
360000;Vinnie;Remy;ROSES;SEASHELLS;14516.0;3
360100;Vinnie;Vladimir;STRAWBERRIES;SEASHELLS;4051.0;3
360200;Remy;Vinnie;ROSES;SEASHELLS;14520.0;5
360700;Remy;Vinnie;STRAWBERRIES;SEASHELLS;4052.0;4
361100;Vinnie;Vladimir;CHOCOLATE;SEASHELLS;7959.0;6
361100;Remy;Vinnie;STRAWBERRIES;SEASHELLS;4052.0;10
362300;Remy;Vinnie;CHOCOLATE;SEASHELLS;7960.0;8
362500;Vinnie;Vladimir;CHOCOLATE;SEASHELLS;7959.0;10
362700;Vinnie;Remy;CHOCOLATE;SEASHELLS;7958.0;8
363000;Vinnie;Remy;CHOCOLATE;SEASHELLS;7957.0;6
363200;Vinnie;Remy;ROSES;SEASHELLS;14537.0;1
363500;Remy;Vinnie;ROSES;SEASHELLS;14540.0;2
364300;Vinnie;Remy;ROSES;SEASHELLS;14536.0;5
364400;Vinnie;Vladimir;CHOCOLATE;SEASHELLS;7963.0;5
365200;Vladimir;Rhianna;GIFT_BASKET;SEASHELLS;71015.0;3
365200;Vinnie;Rhianna;GIFT_BASKET;SEASHELLS;71016.0;1
365300;Remy;Vinnie;ROSES;SEASHELLS;14539.0;4
365800;Vinnie;Remy;ROSES;SEASHELLS;14541.0;3
366000;Vinnie;Vladimir;STRAWBERRIES;SEASHELLS;4053.0;10
366000;Vinnie;Ruby;GIFT_BASKET;SEASHELLS;71008.0;4
366200;Remy;Vinnie;STRAWBERRIES;SEASHELLS;4055.0;8
366500;Remy;Vinnie;ROSES;SEASHELLS;14539.0;2
366600;Vinnie;Remy;STRAWBERRIES;SEASHELLS;4055.0;10
367100;Ruby;Vladimir;GIFT_BASKET;SEASHELLS;71064.0;8
367400;Remy;Vinnie;STRAWBERRIES;SEASHELLS;4057.0;9
367400;Vinnie;Vladimir;STRAWBERRIES;SEASHELLS;4056.0;12
367900;Vinnie;Remy;ROSES;SEASHELLS;14532.0;1
368000;Remy;Vinnie;ROSES;SEASHELLS;14537.0;4
368500;Vinnie;Remy;ROSES;SEASHELLS;14535.0;2
368800;Remy;Vinnie;STRAWBERRIES;SEASHELLS;4059.0;8
368900;Remy;Vinnie;STRAWBERRIES;SEASHELLS;4059.0;9
369200;Ruby;Vinnie;GIFT_BASKET;SEASHELLS;71101.0;2
369300;Vinnie;Vladimir;STRAWBERRIES;SEASHELLS;4057.0;9
369500;Remy;Vinnie;STRAWBERRIES;SEASHELLS;4058.0;5
369900;Vinnie;Remy;STRAWBERRIES;SEASHELLS;4058.0;4
369900;Remy;Vinnie;ROSES;SEASHELLS;14542.0;2
369900;Vinnie;Ruby;GIFT_BASKET;SEASHELLS;71086.0;1
370000;Vinnie;Remy;ROSES;SEASHELLS;14543.0;1
370200;Ruby;Vinnie;GIFT_BASKET;SEASHELLS;71118.0;2
370300;Vinnie;Remy;ROSES;SEASHELLS;14545.0;4
370500;Rhianna;Vladimir;GIFT_BASKET;SEASHELLS;71135.0;6
370600;Vinnie;Remy;CHOCOLATE;SEASHELLS;7948.0;8
370600;Remy;Vinnie;STRAWBERRIES;SEASHELLS;4061.0;7
370800;Rhianna;Vinnie;GIFT_BASKET;SEASHELLS;71144.0;2
370900;Remy;Vinnie;ROSES;SEASHELLS;14552.0;4
371300;Vladimir;Rhianna;GIFT_BASKET;SEASHELLS;71099.0;6
371300;Vinnie;Rhianna;GIFT_BASKET;SEASHELLS;71100.0;2
372200;Vinnie;Vladimir;CHOCOLATE;SEASHELLS;7944.0;8
372300;Vinnie;Remy;ROSES;SEASHELLS;14556.0;3
372700;Vinnie;Remy;STRAWBERRIES;SEASHELLS;4059.0;4
372800;Remy;Vinnie;ROSES;SEASHELLS;14553.0;3
374000;Remy;Vinnie;ROSES;SEASHELLS;14551.0;1
374300;Vinnie;Vladimir;STRAWBERRIES;SEASHELLS;4059.0;3
374700;Remy;Vinnie;ROSES;SEASHELLS;14560.0;4
374800;Vinnie;Remy;STRAWBERRIES;SEASHELLS;4058.0;10
376100;Vinnie;Remy;ROSES;SEASHELLS;14563.0;1
376100;Remy;Vinnie;STRAWBERRIES;SEASHELLS;4060.0;6
376200;Vladimir;Rhianna;GIFT_BASKET;SEASHELLS;71086.0;2
376300;Vinnie;Vladimir;CHOCOLATE;SEASHELLS;7946.0;9
376500;Vinnie;Remy;CHOCOLATE;SEASHELLS;7944.0;6
377700;Vinnie;Remy;ROSES;SEASHELLS;14557.0;5
377700;Vinnie;Remy;STRAWBERRIES;SEASHELLS;4059.0;7
378000;Vinnie;Vladimir;STRAWBERRIES;SEASHELLS;4059.0;7
378400;Vinnie;Remy;ROSES;SEASHELLS;14550.0;5
378700;Vinnie;Remy;STRAWBERRIES;SEASHELLS;4060.0;6
379300;Remy;Vinnie;ROSES;SEASHELLS;14545.0;5
379300;Remy;Vinnie;CHOCOLATE;SEASHELLS;7945.0;8
379600;Vinnie;Vladimir;STRAWBERRIES;SEASHELLS;4058.0;12
379600;Vinnie;Remy;STRAWBERRIES;SEASHELLS;4058.0;5
379800;Vinnie;Remy;ROSES;SEASHELLS;14543.0;5
380100;Vinnie;Remy;ROSES;SEASHELLS;14537.0;4
380700;Rhianna;Vladimir;GIFT_BASKET;SEASHELLS;71021.0;4
380700;Remy;Vinnie;CHOCOLATE;SEASHELLS;7942.0;8
380700;Vinnie;Vladimir;CHOCOLATE;SEASHELLS;7941.0;5
380900;Ruby;Vinnie;GIFT_BASKET;SEASHELLS;71029.0;1
381500;Vinnie;Remy;ROSES;SEASHELLS;14550.0;3
381800;Vinnie;Remy;CHOCOLATE;SEASHELLS;7944.0;6
382300;Vinnie;Vladimir;STRAWBERRIES;SEASHELLS;4057.0;4
382300;Vladimir;Rhianna;GIFT_BASKET;SEASHELLS;71036.0;5
382400;Vinnie;Vladimir;STRAWBERRIES;SEASHELLS;4057.0;9
382700;Remy;Vinnie;CHOCOLATE;SEASHELLS;7944.0;8
384100;Rhianna;Vinnie;GIFT_BASKET;SEASHELLS;71032.0;1
384600;Vinnie;Remy;STRAWBERRIES;SEASHELLS;4055.0;5
384700;Vinnie;Remy;ROSES;SEASHELLS;14517.0;3
384900;Vinnie;Remy;ROSES;SEASHELLS;14517.0;4
385300;Vladimir;Vinnie;GIFT_BASKET;SEASHELLS;71025.0;1
385400;Remy;Vinnie;STRAWBERRIES;SEASHELLS;4056.0;9
386200;Vinnie;Remy;STRAWBERRIES;SEASHELLS;4054.0;6
386600;Vinnie;Vladimir;CHOCOLATE;SEASHELLS;7945.0;5
386700;Vinnie;Remy;CHOCOLATE;SEASHELLS;7944.0;8
386700;Vinnie;Rhianna;GIFT_BASKET;SEASHELLS;71021.0;2
386900;Remy;Vinnie;STRAWBERRIES;SEASHELLS;4057.0;10
387700;Vinnie;Rhianna;GIFT_BASKET;SEASHELLS;71029.0;1
387700;Vladimir;Rhianna;GIFT_BASKET;SEASHELLS;71028.0;1
387800;Vinnie;Remy;ROSES;SEASHELLS;14520.0;5
388000;Vinnie;Vladimir;ROSES;SEASHELLS;14523.0;10
388100;Vinnie;Vladimir;ROSES;SEASHELLS;14520.0;7
388300;Vinnie;Ruby;GIFT_BASKET;SEASHELLS;71021.0;1
388800;Remy;Vinnie;STRAWBERRIES;SEASHELLS;4059.0;4
389000;Vinnie;Vladimir;STRAWBERRIES;SEASHELLS;4058.0;7
389000;Remy;Vinnie;STRAWBERRIES;SEASHELLS;4059.0;7
389000;Ruby;Vinnie;GIFT_BASKET;SEASHELLS;71040.0;1
389500;Remy;Vinnie;CHOCOLATE;SEASHELLS;7940.0;8
389700;Remy;Vinnie;STRAWBERRIES;SEASHELLS;4058.0;6
389900;Remy;Vinnie;STRAWBERRIES;SEASHELLS;4058.0;4
390000;Vinnie;Vladimir;STRAWBERRIES;SEASHELLS;4057.0;8
390000;Remy;Vinnie;ROSES;SEASHELLS;14539.0;4
390400;Vinnie;Remy;ROSES;SEASHELLS;14534.0;5
390500;Vinnie;Remy;STRAWBERRIES;SEASHELLS;4058.0;9
390700;Vinnie;Ruby;GIFT_BASKET;SEASHELLS;71049.0;2
390900;Remy;Vinnie;STRAWBERRIES;SEASHELLS;4059.0;4
391600;Remy;Vinnie;STRAWBERRIES;SEASHELLS;4059.0;5
391600;Vinnie;Vladimir;STRAWBERRIES;SEASHELLS;4058.0;3
392200;Vinnie;Remy;ROSES;SEASHELLS;14547.0;2
392500;Vinnie;Remy;CHOCOLATE;SEASHELLS;7943.0;8
392600;Ruby;Vinnie;GIFT_BASKET;SEASHELLS;71080.0;1
393500;Vinnie;Remy;ROSES;SEASHELLS;14554.0;5
393700;Vinnie;Remy;CHOCOLATE;SEASHELLS;7944.0;7
393900;Vinnie;Remy;CHOCOLATE;SEASHELLS;7945.0;5
394200;Vinnie;Remy;CHOCOLATE;SEASHELLS;7945.0;6
394500;Ruby;Vinnie;GIFT_BASKET;SEASHELLS;71095.0;2
394800;Vinnie;Vladimir;STRAWBERRIES;SEASHELLS;4058.0;8
395100;Vinnie;Rhianna;GIFT_BASKET;SEASHELLS;71080.0;2
395200;Vinnie;Vladimir;STRAWBERRIES;SEASHELLS;4057.0;10
395200;Ruby;Vinnie;GIFT_BASKET;SEASHELLS;71091.0;2
395800;Vinnie;Vladimir;STRAWBERRIES;SEASHELLS;4058.0;4
396300;Vinnie;Remy;STRAWBERRIES;SEASHELLS;4058.0;5
396400;Vinnie;Remy;ROSES;SEASHELLS;14532.0;5
396700;Vinnie;Vladimir;STRAWBERRIES;SEASHELLS;4059.0;5
396700;Vinnie;Vladimir;ROSES;SEASHELLS;14527.0;8
396800;Vinnie;Remy;STRAWBERRIES;SEASHELLS;4059.0;6
397100;Vinnie;Remy;ROSES;SEASHELLS;14523.0;3
398000;Vinnie;Vladimir;CHOCOLATE;SEASHELLS;7944.0;5
398000;Remy;Vinnie;CHOCOLATE;SEASHELLS;7945.0;6
398500;Vinnie;Ruby;GIFT_BASKET;SEASHELLS;71093.0;2
398500;Vinnie;Remy;STRAWBERRIES;SEASHELLS;4060.0;8
399700;Remy;Vinnie;STRAWBERRIES;SEASHELLS;4061.0;8
399700;Remy;Vinnie;CHOCOLATE;SEASHELLS;7951.0;7
400200;Vinnie;Ruby;GIFT_BASKET;SEASHELLS;71140.0;2
400700;Vinnie;Vladimir;CHOCOLATE;SEASHELLS;7946.0;8
400900;Remy;Vladimir;STRAWBERRIES;SEASHELLS;4060.0;5
401100;Remy;Vinnie;CHOCOLATE;SEASHELLS;7949.0;5
401100;Rhianna;Vinnie;GIFT_BASKET;SEASHELLS;71170.0;2
401200;Vinnie;Vladimir;STRAWBERRIES;SEASHELLS;4058.0;11
401300;Vinnie;Remy;STRAWBERRIES;SEASHELLS;4058.0;5
401400;Vinnie;Remy;ROSES;SEASHELLS;14537.0;3
401400;Vinnie;Remy;CHOCOLATE;SEASHELLS;7947.0;5
401700;Remy;Vinnie;STRAWBERRIES;SEASHELLS;4059.0;4
402000;Vinnie;Vladimir;CHOCOLATE;SEASHELLS;7945.0;10
402100;Vinnie;Remy;CHOCOLATE;SEASHELLS;7946.0;7
402400;Vinnie;Remy;STRAWBERRIES;SEASHELLS;4057.0;10
402600;Vinnie;Vladimir;STRAWBERRIES;SEASHELLS;4058.0;3
402700;Vinnie;Vladimir;CHOCOLATE;SEASHELLS;7946.0;4
403500;Vinnie;Vladimir;STRAWBERRIES;SEASHELLS;4058.0;12
403700;Vinnie;Remy;ROSES;SEASHELLS;14553.0;5
403900;Vinnie;Vladimir;STRAWBERRIES;SEASHELLS;4059.0;10
403900;Remy;Vinnie;ROSES;SEASHELLS;14552.0;1
404100;Vinnie;Vladimir;STRAWBERRIES;SEASHELLS;4059.0;10
404800;Ruby;Vinnie;GIFT_BASKET;SEASHELLS;71180.0;8
405800;Vinnie;Remy;STRAWBERRIES;SEASHELLS;4059.0;7
405900;Vinnie;Vladimir;STRAWBERRIES;SEASHELLS;4059.0;7
406100;Vinnie;Remy;ROSES;SEASHELLS;14541.0;3
406300;Vinnie;Vladimir;CHOCOLATE;SEASHELLS;7951.0;7
406600;Remy;Vinnie;CHOCOLATE;SEASHELLS;7949.0;5
406700;Vinnie;Remy;STRAWBERRIES;SEASHELLS;4059.0;9
408100;Vinnie;Vladimir;STRAWBERRIES;SEASHELLS;4062.0;3
409800;Vinnie;Ruby;GIFT_BASKET;SEASHELLS;71174.0;2
410100;Rhianna;Vladimir;GIFT_BASKET;SEASHELLS;71186.0;5
410400;Remy;Vinnie;STRAWBERRIES;SEASHELLS;4061.0;4
410400;Vinnie;Vladimir;STRAWBERRIES;SEASHELLS;4060.0;4
410700;Remy;Vinnie;ROSES;SEASHELLS;14551.0;1
410900;Vinnie;Remy;CHOCOLATE;SEASHELLS;7950.0;6
411100;Remy;Vinnie;CHOCOLATE;SEASHELLS;7953.0;8
411100;Vinnie;Remy;STRAWBERRIES;SEASHELLS;4060.0;7
411700;Vinnie;Remy;ROSES;SEASHELLS;14553.0;3
411800;Vinnie;Rhianna;GIFT_BASKET;SEASHELLS;71172.0;2
411800;Vladimir;Ruby;GIFT_BASKET;SEASHELLS;71171.0;9
411800;Vladimir;Rhianna;GIFT_BASKET;SEASHELLS;71172.0;3
411900;Vinnie;Remy;STRAWBERRIES;SEASHELLS;4059.0;8
411900;Vinnie;Remy;ROSES;SEASHELLS;14556.0;3
411900;Vinnie;Remy;CHOCOLATE;SEASHELLS;7949.0;7
412200;Vinnie;Vladimir;CHOCOLATE;SEASHELLS;7949.0;5
412400;Vinnie;Vladimir;STRAWBERRIES;SEASHELLS;4059.0;10
412600;Remy;Vinnie;ROSES;SEASHELLS;14551.0;5
412600;Vinnie;Vladimir;STRAWBERRIES;SEASHELLS;4060.0;12
412800;Remy;Vinnie;CHOCOLATE;SEASHELLS;7950.0;7
414000;Remy;Vinnie;STRAWBERRIES;SEASHELLS;4061.0;9
414200;Vinnie;Vladimir;STRAWBERRIES;SEASHELLS;4059.0;4
414200;Remy;Vinnie;CHOCOLATE;SEASHELLS;7946.0;7
414500;Vinnie;Vladimir;STRAWBERRIES;SEASHELLS;4060.0;3
414700;Remy;Vinnie;ROSES;SEASHELLS;14544.0;1
414700;Remy;Vinnie;CHOCOLATE;SEASHELLS;7949.0;5
414900;Vinnie;Vladimir;STRAWBERRIES;SEASHELLS;4059.0;9
415000;Rhianna;Vinnie;GIFT_BASKET;SEASHELLS;71127.0;2
415000;Rhianna;Vladimir;GIFT_BASKET;SEASHELLS;71127.0;2
415000;Remy;Vinnie;ROSES;SEASHELLS;14539.0;3
415300;Remy;Vinnie;STRAWBERRIES;SEASHELLS;4060.0;10
415300;Remy;Vinnie;ROSES;SEASHELLS;14539.0;3
415500;Remy;Vinnie;STRAWBERRIES;SEASHELLS;4060.0;9
415600;Remy;Vinnie;ROSES;SEASHELLS;14543.0;1
415700;Vinnie;Vladimir;STRAWBERRIES;SEASHELLS;4059.0;3
416400;Remy;Vinnie;ROSES;SEASHELLS;14553.0;5
416400;Vinnie;Remy;STRAWBERRIES;SEASHELLS;4059.0;8
416700;Vladimir;Rhianna;GIFT_BASKET;SEASHELLS;71151.0;1
416700;Vinnie;Rhianna;GIFT_BASKET;SEASHELLS;71152.0;1
416800;Rhianna;Vinnie;GIFT_BASKET;SEASHELLS;71162.0;2
416800;Rhianna;Vladimir;GIFT_BASKET;SEASHELLS;71162.0;5
417200;Vinnie;Vladimir;STRAWBERRIES;SEASHELLS;4059.0;8
419100;Vinnie;Remy;STRAWBERRIES;SEASHELLS;4059.0;7
419900;Remy;Vinnie;STRAWBERRIES;SEASHELLS;4062.0;7
420400;Remy;Vinnie;STRAWBERRIES;SEASHELLS;4062.0;10
421100;Vinnie;Remy;ROSES;SEASHELLS;14548.0;4
421200;Vinnie;Remy;ROSES;SEASHELLS;14546.0;4
421300;Remy;Vinnie;ROSES;SEASHELLS;14547.0;4
421700;Remy;Vinnie;CHOCOLATE;SEASHELLS;7954.0;5
421700;Vinnie;Rhianna;GIFT_BASKET;SEASHELLS;71173.0;2
421800;Vladimir;Rhianna;GIFT_BASKET;SEASHELLS;71155.0;8
422000;Vinnie;Remy;CHOCOLATE;SEASHELLS;7952.0;5
422100;Remy;Vinnie;STRAWBERRIES;SEASHELLS;4062.0;8
422400;Remy;Vinnie;STRAWBERRIES;SEASHELLS;4062.0;4
423000;Vinnie;Vladimir;STRAWBERRIES;SEASHELLS;4061.0;7
423600;Remy;Vinnie;STRAWBERRIES;SEASHELLS;4063.0;4
423700;Vinnie;Remy;CHOCOLATE;SEASHELLS;7949.0;5
423900;Vinnie;Vladimir;STRAWBERRIES;SEASHELLS;4061.0;7
424000;Vinnie;Vladimir;STRAWBERRIES;SEASHELLS;4061.0;8
424400;Vinnie;Vladimir;ROSES;SEASHELLS;14522.0;5
424500;Remy;Vinnie;STRAWBERRIES;SEASHELLS;4062.0;6
424600;Vinnie;Remy;ROSES;SEASHELLS;14523.0;4
424900;Vinnie;Remy;CHOCOLATE;SEASHELLS;7950.0;6
424900;Ruby;Vladimir;GIFT_BASKET;SEASHELLS;71135.0;5
424900;Vinnie;Vladimir;STRAWBERRIES;SEASHELLS;4060.0;5
425300;Vinnie;Vladimir;CHOCOLATE;SEASHELLS;7952.0;4
425900;Vinnie;Vladimir;STRAWBERRIES;SEASHELLS;4059.0;4
426200;Remy;Vinnie;STRAWBERRIES;SEASHELLS;4060.0;7
426300;Rhianna;Vladimir;GIFT_BASKET;SEASHELLS;71180.0;7
426900;Vinnie;Remy;CHOCOLATE;SEASHELLS;7953.0;8
427000;Vladimir;Ruby;GIFT_BASKET;SEASHELLS;71114.0;10
427500;Vinnie;Remy;STRAWBERRIES;SEASHELLS;4058.0;4
427500;Vinnie;Remy;ROSES;SEASHELLS;14531.0;1
427800;Remy;Vinnie;ROSES;SEASHELLS;14541.0;4
427900;Vinnie;Vladimir;STRAWBERRIES;SEASHELLS;4059.0;4
428000;Vinnie;Vladimir;STRAWBERRIES;SEASHELLS;4059.0;9
428100;Vinnie;Remy;STRAWBERRIES;SEASHELLS;4059.0;7
428300;Vinnie;Remy;CHOCOLATE;SEASHELLS;7948.0;5
428400;Remy;Vinnie;ROSES;SEASHELLS;14543.0;4
428900;Vinnie;Remy;CHOCOLATE;SEASHELLS;7945.0;8
429200;Remy;Vinnie;CHOCOLATE;SEASHELLS;7945.0;7
429300;Remy;Vinnie;ROSES;SEASHELLS;14550.0;3
429500;Vinnie;Vladimir;STRAWBERRIES;SEASHELLS;4058.0;7
429500;Vinnie;Remy;STRAWBERRIES;SEASHELLS;4058.0;9
430200;Vinnie;Remy;CHOCOLATE;SEASHELLS;7937.0;7
430200;Vinnie;Remy;STRAWBERRIES;SEASHELLS;4059.0;9
430400;Ruby;Vladimir;GIFT_BASKET;SEASHELLS;71038.0;6
430700;Remy;Vinnie;STRAWBERRIES;SEASHELLS;4062.0;9
430900;Remy;Vinnie;CHOCOLATE;SEASHELLS;7937.0;7
431000;Remy;Vinnie;STRAWBERRIES;SEASHELLS;4061.0;7
431200;Remy;Vinnie;STRAWBERRIES;SEASHELLS;4061.0;7
431900;Ruby;Vinnie;GIFT_BASKET;SEASHELLS;71015.0;2
432500;Vinnie;Remy;STRAWBERRIES;SEASHELLS;4055.0;6
433300;Remy;Vinnie;ROSES;SEASHELLS;14521.0;3
433800;Remy;Vinnie;CHOCOLATE;SEASHELLS;7931.0;5
433800;Vladimir;Rhianna;GIFT_BASKET;SEASHELLS;70945.0;7
434200;Remy;Vinnie;STRAWBERRIES;SEASHELLS;4058.0;6
434200;Ruby;Vinnie;GIFT_BASKET;SEASHELLS;70976.0;1
434600;Vinnie;Remy;ROSES;SEASHELLS;14543.0;5
434900;Remy;Vinnie;CHOCOLATE;SEASHELLS;7931.0;6
434900;Vinnie;Remy;ROSES;SEASHELLS;14542.0;1
435800;Vinnie;Remy;CHOCOLATE;SEASHELLS;7928.0;7
435900;Vinnie;Remy;STRAWBERRIES;SEASHELLS;4057.0;9
436100;Remy;Vinnie;STRAWBERRIES;SEASHELLS;4058.0;6
436400;Vinnie;Remy;STRAWBERRIES;SEASHELLS;4057.0;8
436700;Remy;Vinnie;CHOCOLATE;SEASHELLS;7932.0;7
436900;Vinnie;Remy;ROSES;SEASHELLS;14549.0;3
437600;Vinnie;Remy;CHOCOLATE;SEASHELLS;7934.0;6
438800;Vinnie;Rhianna;GIFT_BASKET;SEASHELLS;70966.0;1
438800;Vladimir;Rhianna;GIFT_BASKET;SEASHELLS;70965.0;3
438900;Vinnie;Remy;CHOCOLATE;SEASHELLS;7931.0;7
439300;Vinnie;Remy;ROSES;SEASHELLS;14567.0;5
439900;Remy;Vinnie;STRAWBERRIES;SEASHELLS;4066.0;9
440000;Vinnie;Vladimir;STRAWBERRIES;SEASHELLS;4064.0;3
440900;Vinnie;Remy;ROSES;SEASHELLS;14569.0;2
441000;Vinnie;Remy;STRAWBERRIES;SEASHELLS;4062.0;4
441100;Vinnie;Remy;ROSES;SEASHELLS;14576.0;5
441400;Remy;Vinnie;ROSES;SEASHELLS;14581.0;3
441400;Vinnie;Remy;STRAWBERRIES;SEASHELLS;4061.0;4
441500;Ruby;Vladimir;GIFT_BASKET;SEASHELLS;70991.0;7
441700;Remy;Vinnie;ROSES;SEASHELLS;14579.0;2
442100;Vinnie;Remy;STRAWBERRIES;SEASHELLS;4060.0;7
442400;Remy;Vinnie;ROSES;SEASHELLS;14562.0;1
442700;Vinnie;Vladimir;STRAWBERRIES;SEASHELLS;4060.0;9
442800;Ruby;Vinnie;GIFT_BASKET;SEASHELLS;70965.0;1
443500;Vinnie;Remy;ROSES;SEASHELLS;14561.0;4
444000;Vinnie;Remy;STRAWBERRIES;SEASHELLS;4061.0;8
444200;Remy;Vinnie;CHOCOLATE;SEASHELLS;7943.0;8
444200;Rhianna;Vladimir;GIFT_BASKET;SEASHELLS;71004.0;7
444600;Vinnie;Remy;STRAWBERRIES;SEASHELLS;4062.0;6
444900;Vladimir;Rhianna;GIFT_BASKET;SEASHELLS;70972.0;4
445000;Remy;Vinnie;CHOCOLATE;SEASHELLS;7940.0;7
445100;Vinnie;Remy;CHOCOLATE;SEASHELLS;7939.0;5
445900;Vinnie;Vladimir;STRAWBERRIES;SEASHELLS;4060.0;5
446100;Vinnie;Vladimir;ROSES;SEASHELLS;14554.0;3
446400;Remy;Vinnie;ROSES;SEASHELLS;14554.0;4
446800;Ruby;Vinnie;GIFT_BASKET;SEASHELLS;70968.0;2
446900;Vinnie;Remy;ROSES;SEASHELLS;14548.0;4
447100;Vinnie;Vladimir;STRAWBERRIES;SEASHELLS;4060.0;5
447200;Remy;Vinnie;ROSES;SEASHELLS;14547.0;1
447300;Vinnie;Remy;ROSES;SEASHELLS;14542.0;1
447400;Vinnie;Remy;CHOCOLATE;SEASHELLS;7938.0;7
447500;Remy;Vinnie;STRAWBERRIES;SEASHELLS;4061.0;6
447900;Vinnie;Ruby;GIFT_BASKET;SEASHELLS;70885.0;2
448800;Vinnie;Remy;CHOCOLATE;SEASHELLS;7937.0;7
449200;Remy;Vinnie;CHOCOLATE;SEASHELLS;7937.0;6
449600;Vinnie;Vladimir;STRAWBERRIES;SEASHELLS;4060.0;8
450000;Vinnie;Remy;STRAWBERRIES;SEASHELLS;4060.0;9
450800;Remy;Vinnie;ROSES;SEASHELLS;14528.0;2
450900;Vinnie;Vladimir;STRAWBERRIES;SEASHELLS;4059.0;12
451300;Remy;Vinnie;CHOCOLATE;SEASHELLS;7939.0;8
451500;Vinnie;Remy;CHOCOLATE;SEASHELLS;7937.0;6
451600;Vinnie;Remy;CHOCOLATE;SEASHELLS;7936.0;8
451600;Remy;Vinnie;ROSES;SEASHELLS;14527.0;3
452000;Remy;Vinnie;CHOCOLATE;SEASHELLS;7935.0;6
452300;Remy;Vinnie;ROSES;SEASHELLS;14529.0;3
453100;Remy;Vinnie;ROSES;SEASHELLS;14527.0;2
453200;Vinnie;Vladimir;STRAWBERRIES;SEASHELLS;4059.0;3
453500;Remy;Vinnie;ROSES;SEASHELLS;14521.0;2
453600;Remy;Vinnie;ROSES;SEASHELLS;14520.0;3
453800;Vinnie;Remy;CHOCOLATE;SEASHELLS;7931.0;8
453800;Remy;Vinnie;ROSES;SEASHELLS;14524.0;4
454000;Remy;Vinnie;STRAWBERRIES;SEASHELLS;4060.0;6
454200;Vinnie;Vladimir;STRAWBERRIES;SEASHELLS;4059.0;5
454400;Vinnie;Remy;STRAWBERRIES;SEASHELLS;4059.0;7
454600;Vinnie;Remy;CHOCOLATE;SEASHELLS;7937.0;8
454700;Remy;Vinnie;ROSES;SEASHELLS;14519.0;2
454800;Remy;Vinnie;CHOCOLATE;SEASHELLS;7938.0;7
454900;Vinnie;Vladimir;ROSES;SEASHELLS;14519.0;10
455100;Vladimir;Vinnie;GIFT_BASKET;SEASHELLS;70859.0;1
455500;Vinnie;Vladimir;ROSES;SEASHELLS;14513.0;6
455700;Remy;Vinnie;CHOCOLATE;SEASHELLS;7935.0;7
455700;Remy;Vinnie;STRAWBERRIES;SEASHELLS;4062.0;10
456000;Vladimir;Rhianna;GIFT_BASKET;SEASHELLS;70859.0;8
456200;Remy;Vinnie;CHOCOLATE;SEASHELLS;7935.0;8
456500;Vinnie;Remy;ROSES;SEASHELLS;14506.0;1
456500;Vinnie;Vladimir;CHOCOLATE;SEASHELLS;7936.0;4
456500;Vinnie;Vladimir;STRAWBERRIES;SEASHELLS;4063.0;7
456700;Vinnie;Remy;STRAWBERRIES;SEASHELLS;4063.0;10
457200;Remy;Vinnie;STRAWBERRIES;SEASHELLS;4064.0;9
457200;Remy;Vinnie;CHOCOLATE;SEASHELLS;7938.0;7
457200;Vinnie;Vladimir;STRAWBERRIES;SEASHELLS;4063.0;7
457300;Remy;Vinnie;CHOCOLATE;SEASHELLS;7938.0;8
457300;Vinnie;Vladimir;STRAWBERRIES;SEASHELLS;4063.0;3
458600;Remy;Vinnie;ROSES;SEASHELLS;14495.0;2
458700;Remy;Vinnie;CHOCOLATE;SEASHELLS;7936.0;8
458700;Vinnie;Remy;ROSES;SEASHELLS;14492.0;2
458800;Remy;Vinnie;STRAWBERRIES;SEASHELLS;4065.0;8
460200;Vladimir;Ruby;GIFT_BASKET;SEASHELLS;70988.0;6
460600;Vinnie;Vladimir;STRAWBERRIES;SEASHELLS;4062.0;8
460700;Vinnie;Remy;CHOCOLATE;SEASHELLS;7940.0;5
461100;Remy;Vinnie;ROSES;SEASHELLS;14489.0;3
461400;Remy;Vinnie;ROSES;SEASHELLS;14489.0;2
461800;Vinnie;Remy;CHOCOLATE;SEASHELLS;7944.0;5
462000;Vinnie;Remy;ROSES;SEASHELLS;14493.0;4
462100;Vinnie;Remy;CHOCOLATE;SEASHELLS;7944.0;5
462200;Vinnie;Remy;ROSES;SEASHELLS;14490.0;4
462400;Vladimir;Rhianna;GIFT_BASKET;SEASHELLS;70969.0;8
462500;Remy;Vinnie;STRAWBERRIES;SEASHELLS;4063.0;9
463100;Vinnie;Vladimir;CHOCOLATE;SEASHELLS;7939.0;9
463100;Vinnie;Remy;ROSES;SEASHELLS;14487.0;3
463200;Vinnie;Vladimir;CHOCOLATE;SEASHELLS;7939.0;8
463400;Vinnie;Remy;ROSES;SEASHELLS;14489.0;5
464100;Remy;Vinnie;ROSES;SEASHELLS;14492.0;4
464700;Vinnie;Remy;STRAWBERRIES;SEASHELLS;4063.0;5
466300;Remy;Vinnie;ROSES;SEASHELLS;14476.0;3
467000;Vinnie;Remy;STRAWBERRIES;SEASHELLS;4065.0;7
467200;Remy;Vinnie;CHOCOLATE;SEASHELLS;7954.0;8
467300;Remy;Vinnie;CHOCOLATE;SEASHELLS;7954.0;5
467300;Vinnie;Remy;ROSES;SEASHELLS;14473.0;4
467400;Remy;Vinnie;CHOCOLATE;SEASHELLS;7953.0;5
467600;Vinnie;Remy;CHOCOLATE;SEASHELLS;7952.0;6
468800;Vinnie;Remy;ROSES;SEASHELLS;14462.0;3
468800;Vinnie;Vladimir;STRAWBERRIES;SEASHELLS;4067.0;11
468900;Ruby;Vinnie;GIFT_BASKET;SEASHELLS;71054.0;1
469100;Vinnie;Remy;ROSES;SEASHELLS;14469.0;4
469200;Vladimir;Rhianna;GIFT_BASKET;SEASHELLS;71027.0;6
469200;Vinnie;Rhianna;GIFT_BASKET;SEASHELLS;71028.0;2
469400;Vinnie;Vladimir;STRAWBERRIES;SEASHELLS;4066.0;3
469800;Remy;Vinnie;ROSES;SEASHELLS;14478.0;3
470100;Vinnie;Vladimir;STRAWBERRIES;SEASHELLS;4068.0;7
470200;Vinnie;Remy;CHOCOLATE;SEASHELLS;7952.0;7
470900;Vinnie;Remy;CHOCOLATE;SEASHELLS;7951.0;5
471000;Vinnie;Remy;STRAWBERRIES;SEASHELLS;4069.0;8
471100;Rhianna;Vinnie;GIFT_BASKET;SEASHELLS;71077.0;1
471100;Vinnie;Vladimir;STRAWBERRIES;SEASHELLS;4069.0;5
471300;Vinnie;Vladimir;STRAWBERRIES;SEASHELLS;4069.0;9
471600;Vinnie;Remy;CHOCOLATE;SEASHELLS;7950.0;5
471800;Remy;Vinnie;ROSES;SEASHELLS;14487.0;3
472000;Remy;Vinnie;ROSES;SEASHELLS;14491.0;1
472700;Vinnie;Vladimir;STRAWBERRIES;SEASHELLS;4069.0;4
472800;Vinnie;Vladimir;STRAWBERRIES;SEASHELLS;4070.0;5
472900;Remy;Vinnie;ROSES;SEASHELLS;14488.0;1
472900;Remy;Vinnie;STRAWBERRIES;SEASHELLS;4071.0;7
473000;Remy;Vinnie;CHOCOLATE;SEASHELLS;7949.0;5
473000;Remy;Vinnie;STRAWBERRIES;SEASHELLS;4071.0;6
473400;Vinnie;Vladimir;STRAWBERRIES;SEASHELLS;4071.0;6
473700;Vinnie;Remy;CHOCOLATE;SEASHELLS;7947.0;7
473700;Vinnie;Remy;ROSES;SEASHELLS;14494.0;4
474300;Vinnie;Remy;ROSES;SEASHELLS;14486.0;4
474800;Vinnie;Remy;ROSES;SEASHELLS;14484.0;1
475200;Vinnie;Remy;ROSES;SEASHELLS;14489.0;1
475400;Remy;Vinnie;ROSES;SEASHELLS;14492.0;2
475600;Remy;Vinnie;STRAWBERRIES;SEASHELLS;4070.0;7
475700;Remy;Vinnie;ROSES;SEASHELLS;14493.0;3
475800;Remy;Vinnie;STRAWBERRIES;SEASHELLS;4071.0;9
475900;Vinnie;Vladimir;STRAWBERRIES;SEASHELLS;4069.0;12
476200;Vinnie;Ruby;GIFT_BASKET;SEASHELLS;71047.0;1
476200;Vinnie;Remy;CHOCOLATE;SEASHELLS;7951.0;7
476600;Rhianna;Vinnie;GIFT_BASKET;SEASHELLS;71079.0;1
476600;Vinnie;Remy;ROSES;SEASHELLS;14489.0;5
476900;Vinnie;Ruby;GIFT_BASKET;SEASHELLS;71051.0;1
476900;Vinnie;Remy;STRAWBERRIES;SEASHELLS;4068.0;7
477000;Vinnie;Ruby;GIFT_BASKET;SEASHELLS;71049.0;1
477000;Vinnie;Remy;ROSES;SEASHELLS;14488.0;3
477500;Vinnie;Remy;STRAWBERRIES;SEASHELLS;4070.0;6
477700;Vinnie;Remy;ROSES;SEASHELLS;14477.0;2
477800;Vinnie;Remy;STRAWBERRIES;SEASHELLS;4071.0;8
477800;Rhianna;Vinnie;GIFT_BASKET;SEASHELLS;71061.0;2
477800;Rhianna;Vladimir;GIFT_BASKET;SEASHELLS;71061.0;2
478500;Remy;Vinnie;STRAWBERRIES;SEASHELLS;4073.0;9
478600;Remy;Vinnie;ROSES;SEASHELLS;14477.0;3
479000;Vinnie;Remy;ROSES;SEASHELLS;14479.0;4
479600;Vladimir;Rhianna;GIFT_BASKET;SEASHELLS;70992.0;2
480200;Remy;Vinnie;STRAWBERRIES;SEASHELLS;4073.0;10
480300;Remy;Vinnie;CHOCOLATE;SEASHELLS;7950.0;6
480400;Remy;Vinnie;STRAWBERRIES;SEASHELLS;4073.0;7
480600;Vinnie;Vladimir;STRAWBERRIES;SEASHELLS;4072.0;7
481600;Vinnie;Remy;CHOCOLATE;SEASHELLS;7946.0;5
481700;Remy;Vinnie;STRAWBERRIES;SEASHELLS;4072.0;4
481900;Vinnie;Vladimir;CHOCOLATE;SEASHELLS;7947.0;6
482300;Vinnie;Remy;CHOCOLATE;SEASHELLS;7947.0;8
482400;Vinnie;Vladimir;ROSES;SEASHELLS;14474.0;9
482400;Vinnie;Remy;ROSES;SEASHELLS;14474.0;2
482500;Vinnie;Remy;STRAWBERRIES;SEASHELLS;4073.0;9
482500;Remy;Vinnie;ROSES;SEASHELLS;14470.0;2
482600;Vinnie;Vladimir;STRAWBERRIES;SEASHELLS;4073.0;12
482600;Vinnie;Remy;CHOCOLATE;SEASHELLS;7946.0;6
483500;Remy;Vinnie;ROSES;SEASHELLS;14470.0;5
483500;Remy;Vinnie;CHOCOLATE;SEASHELLS;7944.0;8
483800;Remy;Vinnie;STRAWBERRIES;SEASHELLS;4075.0;10
483900;Ruby;Vladimir;GIFT_BASKET;SEASHELLS;70949.0;7
484200;Vinnie;Remy;STRAWBERRIES;SEASHELLS;4072.0;10
484300;Remy;Vinnie;ROSES;SEASHELLS;14460.0;5
485100;Remy;Vinnie;STRAWBERRIES;SEASHELLS;4076.0;5
485200;Remy;Vinnie;ROSES;SEASHELLS;14464.0;1
485700;Vinnie;Vladimir;CHOCOLATE;SEASHELLS;7951.0;8
486200;Vinnie;Remy;CHOCOLATE;SEASHELLS;7952.0;6
486200;Vinnie;Remy;ROSES;SEASHELLS;14458.0;1
486400;Remy;Vinnie;CHOCOLATE;SEASHELLS;7954.0;8
486500;Rhianna;Vinnie;GIFT_BASKET;SEASHELLS;70990.0;1
486700;Remy;Vinnie;STRAWBERRIES;SEASHELLS;4076.0;9
486900;Remy;Vinnie;ROSES;SEASHELLS;14466.0;2
487400;Remy;Vinnie;CHOCOLATE;SEASHELLS;7948.0;5
487600;Vinnie;Remy;STRAWBERRIES;SEASHELLS;4074.0;6
487700;Vinnie;Remy;CHOCOLATE;SEASHELLS;7947.0;8
488400;Vinnie;Vladimir;CHOCOLATE;SEASHELLS;7950.0;4
488900;Remy;Vinnie;ROSES;SEASHELLS;14474.0;4
489000;Vinnie;Remy;ROSES;SEASHELLS;14472.0;4
489100;Remy;Vinnie;CHOCOLATE;SEASHELLS;7955.0;5
489200;Vinnie;Remy;STRAWBERRIES;SEASHELLS;4072.0;8
489300;Remy;Vinnie;ROSES;SEASHELLS;14475.0;2
489500;Vinnie;Remy;ROSES;SEASHELLS;14472.0;3
490000;Vinnie;Remy;ROSES;SEASHELLS;14477.0;5
490000;Rhianna;Vinnie;GIFT_BASKET;SEASHELLS;70995.0;2
490600;Ruby;Vinnie;GIFT_BASKET;SEASHELLS;71004.0;1
490900;Remy;Vinnie;STRAWBERRIES;SEASHELLS;4073.0;5
490900;Vinnie;Vladimir;STRAWBERRIES;SEASHELLS;4071.0;6
491000;Vinnie;Vladimir;ROSES;SEASHELLS;14470.0;8
491100;Remy;Vinnie;ROSES;SEASHELLS;14472.0;1
491200;Remy;Vinnie;ROSES;SEASHELLS;14472.0;4
491400;Vinnie;Remy;ROSES;SEASHELLS;14469.0;2
491700;Vladimir;Ruby;GIFT_BASKET;SEASHELLS;70994.0;7
491700;Vinnie;Vladimir;CHOCOLATE;SEASHELLS;7953.0;5
492100;Remy;Vinnie;ROSES;SEASHELLS;14469.0;4
492200;Remy;Vinnie;ROSES;SEASHELLS;14469.0;4
492600;Remy;Vinnie;STRAWBERRIES;SEASHELLS;4073.0;9
492600;Vinnie;Remy;CHOCOLATE;SEASHELLS;7951.0;7
492800;Vinnie;Remy;CHOCOLATE;SEASHELLS;7950.0;6
493100;Vinnie;Remy;CHOCOLATE;SEASHELLS;7946.0;8
493200;Remy;Vinnie;ROSES;SEASHELLS;14472.0;5
493600;Vinnie;Remy;STRAWBERRIES;SEASHELLS;4071.0;9
493800;Vinnie;Remy;STRAWBERRIES;SEASHELLS;4072.0;6
494000;Remy;Vinnie;STRAWBERRIES;SEASHELLS;4073.0;5
494000;Remy;Vinnie;ROSES;SEASHELLS;14482.0;2
494300;Remy;Vinnie;STRAWBERRIES;SEASHELLS;4073.0;10
494300;Vinnie;Vladimir;STRAWBERRIES;SEASHELLS;4072.0;9
495200;Vinnie;Remy;CHOCOLATE;SEASHELLS;7944.0;8
495700;Vinnie;Remy;CHOCOLATE;SEASHELLS;7946.0;7
495900;Vinnie;Vladimir;ROSES;SEASHELLS;14490.0;6
496100;Vinnie;Remy;ROSES;SEASHELLS;14495.0;1
496100;Vinnie;Vladimir;STRAWBERRIES;SEASHELLS;4072.0;11
496600;Remy;Vinnie;CHOCOLATE;SEASHELLS;7948.0;5
498000;Vladimir;Rhianna;GIFT_BASKET;SEASHELLS;71009.0;6
498000;Vinnie;Rhianna;GIFT_BASKET;SEASHELLS;71010.0;1
498000;Ruby;Vinnie;GIFT_BASKET;SEASHELLS;71021.0;1
498500;Vinnie;Remy;CHOCOLATE;SEASHELLS;7946.0;5
499000;Remy;Vinnie;CHOCOLATE;SEASHELLS;7948.0;6
499000;Vinnie;Remy;ROSES;SEASHELLS;14497.0;4
499400;Remy;Vinnie;CHOCOLATE;SEASHELLS;7950.0;5
499400;Remy;Vinnie;STRAWBERRIES;SEASHELLS;4077.0;6
499600;Ruby;Vinnie;GIFT_BASKET;SEASHELLS;71036.0;2
499600;Vinnie;Vladimir;STRAWBERRIES;SEASHELLS;4075.0;7
499700;Vinnie;Remy;STRAWBERRIES;SEASHELLS;4075.0;10
499700;Vinnie;Ruby;GIFT_BASKET;SEASHELLS;71021.0;2
499800;Remy;Vinnie;ROSES;SEASHELLS;14492.0;2
499900;Remy;Vinnie;CHOCOLATE;SEASHELLS;7945.0;7
500000;Vinnie;Remy;ROSES;SEASHELLS;14498.0;1
500400;Vinnie;Remy;CHOCOLATE;SEASHELLS;7942.0;6
500400;Vinnie;Remy;STRAWBERRIES;SEASHELLS;4074.0;7
500600;Remy;Vinnie;CHOCOLATE;SEASHELLS;7943.0;6
501300;Remy;Vinnie;CHOCOLATE;SEASHELLS;7942.0;8
501300;Vinnie;Ruby;GIFT_BASKET;SEASHELLS;70993.0;2
501700;Vinnie;Remy;CHOCOLATE;SEASHELLS;7939.0;8
502000;Vinnie;Remy;ROSES;SEASHELLS;14470.0;5
502700;Vinnie;Remy;STRAWBERRIES;SEASHELLS;4075.0;10
502900;Vladimir;Rhianna;GIFT_BASKET;SEASHELLS;70996.0;7
502900;Vinnie;Rhianna;GIFT_BASKET;SEASHELLS;70997.0;1
503100;Vinnie;Remy;ROSES;SEASHELLS;14469.0;1
503600;Vinnie;Remy;ROSES;SEASHELLS;14470.0;4
503700;Remy;Vinnie;STRAWBERRIES;SEASHELLS;4074.0;6
503900;Vinnie;Ruby;GIFT_BASKET;SEASHELLS;70982.0;1
504600;Remy;Vinnie;ROSES;SEASHELLS;14476.0;3
505500;Remy;Vinnie;ROSES;SEASHELLS;14474.0;3
505700;Remy;Vinnie;ROSES;SEASHELLS;14473.0;3
506100;Remy;Vinnie;STRAWBERRIES;SEASHELLS;4076.0;9
506200;Vinnie;Vladimir;STRAWBERRIES;SEASHELLS;4075.0;8
506400;Vinnie;Remy;ROSES;SEASHELLS;14470.0;2
506500;Remy;Vinnie;STRAWBERRIES;SEASHELLS;4076.0;5
507300;Remy;Vinnie;STRAWBERRIES;SEASHELLS;4075.0;5
507700;Remy;Vinnie;CHOCOLATE;SEASHELLS;7945.0;8
507900;Vinnie;Remy;STRAWBERRIES;SEASHELLS;4075.0;6
508600;Remy;Vinnie;STRAWBERRIES;SEASHELLS;4076.0;9
508600;Remy;Vinnie;CHOCOLATE;SEASHELLS;7945.0;8
508700;Rhianna;Vinnie;GIFT_BASKET;SEASHELLS;70981.0;2
508900;Remy;Vinnie;ROSES;SEASHELLS;14475.0;1
509200;Remy;Vinnie;STRAWBERRIES;SEASHELLS;4076.0;8
509300;Remy;Vinnie;STRAWBERRIES;SEASHELLS;4077.0;7
509600;Vinnie;Remy;CHOCOLATE;SEASHELLS;7941.0;5
509600;Vladimir;Remy;STRAWBERRIES;SEASHELLS;4075.0;8
509700;Vinnie;Vladimir;STRAWBERRIES;SEASHELLS;4074.0;3
509900;Vinnie;Remy;ROSES;SEASHELLS;14480.0;4
510100;Vinnie;Remy;ROSES;SEASHELLS;14476.0;1
510100;Remy;Vinnie;CHOCOLATE;SEASHELLS;7943.0;7
511000;Vladimir;Rhianna;GIFT_BASKET;SEASHELLS;70898.0;3
511200;Remy;Vinnie;ROSES;SEASHELLS;14488.0;2
511200;Remy;Vinnie;CHOCOLATE;SEASHELLS;7938.0;5
511700;Vinnie;Vladimir;STRAWBERRIES;SEASHELLS;4072.0;4
511900;Remy;Vinnie;ROSES;SEASHELLS;14492.0;1
512200;Remy;Vinnie;CHOCOLATE;SEASHELLS;7939.0;7
512300;Vinnie;Remy;CHOCOLATE;SEASHELLS;7937.0;8
512400;Rhianna;Vinnie;GIFT_BASKET;SEASHELLS;70910.0;1
512700;Vinnie;Vladimir;STRAWBERRIES;SEASHELLS;4071.0;7
513000;Vinnie;Remy;CHOCOLATE;SEASHELLS;7936.0;7
513000;Vinnie;Vladimir;CHOCOLATE;SEASHELLS;7936.0;10
513200;Vinnie;Vladimir;CHOCOLATE;SEASHELLS;7938.0;5
513600;Remy;Vinnie;ROSES;SEASHELLS;14494.0;1
514200;Vinnie;Remy;ROSES;SEASHELLS;14488.0;2
514400;Vinnie;Remy;STRAWBERRIES;SEASHELLS;4072.0;7
514800;Vinnie;Remy;CHOCOLATE;SEASHELLS;7940.0;7
514800;Remy;Vinnie;STRAWBERRIES;SEASHELLS;4075.0;6
515200;Vinnie;Remy;ROSES;SEASHELLS;14494.0;1
516000;Vinnie;Remy;CHOCOLATE;SEASHELLS;7942.0;7
516400;Remy;Vinnie;CHOCOLATE;SEASHELLS;7942.0;7
517400;Vinnie;Remy;ROSES;SEASHELLS;14517.0;4
517400;Remy;Vinnie;STRAWBERRIES;SEASHELLS;4075.0;5
517600;Vinnie;Vladimir;STRAWBERRIES;SEASHELLS;4074.0;10
517600;Rhianna;Vladimir;GIFT_BASKET;SEASHELLS;71002.0;4
517600;Remy;Vinnie;STRAWBERRIES;SEASHELLS;4076.0;4
518000;Remy;Vinnie;ROSES;SEASHELLS;14521.0;3
518300;Vinnie;Remy;CHOCOLATE;SEASHELLS;7942.0;8
518700;Vinnie;Remy;STRAWBERRIES;SEASHELLS;4073.0;8
518800;Vinnie;Vladimir;STRAWBERRIES;SEASHELLS;4073.0;6
519600;Vinnie;Remy;ROSES;SEASHELLS;14517.0;5
519800;Vinnie;Remy;CHOCOLATE;SEASHELLS;7942.0;5
520200;Rhianna;Vinnie;GIFT_BASKET;SEASHELLS;71014.0;2
520400;Remy;Vinnie;ROSES;SEASHELLS;14527.0;3
520500;Vinnie;Vladimir;ROSES;SEASHELLS;14523.0;5
520600;Vinnie;Vladimir;STRAWBERRIES;SEASHELLS;4073.0;4
521400;Remy;Vinnie;STRAWBERRIES;SEASHELLS;4074.0;8
521700;Vinnie;Remy;CHOCOLATE;SEASHELLS;7946.0;5
521700;Vinnie;Vladimir;STRAWBERRIES;SEASHELLS;4073.0;10
521700;Vinnie;Remy;STRAWBERRIES;SEASHELLS;4073.0;10
522200;Remy;Vinnie;CHOCOLATE;SEASHELLS;7945.0;7
522500;Remy;Vinnie;ROSES;SEASHELLS;14529.0;4
522600;Remy;Vinnie;ROSES;SEASHELLS;14533.0;2
522900;Vinnie;Remy;ROSES;SEASHELLS;14535.0;3
523900;Vinnie;Ruby;GIFT_BASKET;SEASHELLS;71071.0;1
524500;Vinnie;Remy;ROSES;SEASHELLS;14541.0;3
524500;Remy;Vinnie;CHOCOLATE;SEASHELLS;7943.0;6
524700;Rhianna;Vinnie;GIFT_BASKET;SEASHELLS;71058.0;2
525100;Remy;Vladimir;STRAWBERRIES;SEASHELLS;4075.0;4
525400;Rhianna;Vinnie;GIFT_BASKET;SEASHELLS;71097.0;2
526000;Vinnie;Ruby;GIFT_BASKET;SEASHELLS;71101.0;5
526300;Remy;Vinnie;ROSES;SEASHELLS;14548.0;2
527100;Remy;Vinnie;STRAWBERRIES;SEASHELLS;4078.0;8
527300;Remy;Vinnie;ROSES;SEASHELLS;14534.0;2
527700;Rhianna;Vladimir;GIFT_BASKET;SEASHELLS;71094.0;5
527900;Remy;Vinnie;ROSES;SEASHELLS;14524.0;1
527900;Vinnie;Remy;CHOCOLATE;SEASHELLS;7946.0;6
528100;Remy;Vinnie;CHOCOLATE;SEASHELLS;7946.0;8
528300;Remy;Vinnie;ROSES;SEASHELLS;14524.0;5
528300;Remy;Vinnie;CHOCOLATE;SEASHELLS;7947.0;8
528400;Vinnie;Vladimir;CHOCOLATE;SEASHELLS;7946.0;4
528700;Remy;Vinnie;ROSES;SEASHELLS;14526.0;1
529100;Vinnie;Remy;CHOCOLATE;SEASHELLS;7947.0;5
529400;Vinnie;Remy;ROSES;SEASHELLS;14516.0;1
529500;Vinnie;Remy;STRAWBERRIES;SEASHELLS;4077.0;7
530600;Vinnie;Vladimir;CHOCOLATE;SEASHELLS;7954.0;7
530600;Remy;Vinnie;CHOCOLATE;SEASHELLS;7955.0;7
531200;Vladimir;Rhianna;GIFT_BASKET;SEASHELLS;71105.0;3
531600;Vinnie;Remy;ROSES;SEASHELLS;14512.0;5
531600;Vinnie;Rhianna;GIFT_BASKET;SEASHELLS;71114.0;1
531600;Vladimir;Rhianna;GIFT_BASKET;SEASHELLS;71113.0;3
531700;Vinnie;Vladimir;CHOCOLATE;SEASHELLS;7957.0;5
531900;Vinnie;Remy;ROSES;SEASHELLS;14516.0;1
532800;Vinnie;Remy;STRAWBERRIES;SEASHELLS;4073.0;9
532900;Vinnie;Remy;ROSES;SEASHELLS;14514.0;1
533000;Vinnie;Remy;STRAWBERRIES;SEASHELLS;4074.0;5
533300;Vinnie;Remy;ROSES;SEASHELLS;14517.0;4
533500;Remy;Vinnie;CHOCOLATE;SEASHELLS;7965.0;8
533800;Remy;Vinnie;STRAWBERRIES;SEASHELLS;4076.0;4
533800;Vinnie;Rhianna;GIFT_BASKET;SEASHELLS;71176.0;1
534300;Vinnie;Vladimir;STRAWBERRIES;SEASHELLS;4074.0;9
535000;Remy;Vinnie;STRAWBERRIES;SEASHELLS;4076.0;5
535200;Vinnie;Vladimir;CHOCOLATE;SEASHELLS;7964.0;6
535300;Vinnie;Remy;STRAWBERRIES;SEASHELLS;4076.0;8
535400;Remy;Vinnie;STRAWBERRIES;SEASHELLS;4078.0;10
535900;Remy;Vinnie;CHOCOLATE;SEASHELLS;7964.0;8
536300;Vinnie;Remy;ROSES;SEASHELLS;14521.0;1
537000;Ruby;Vinnie;GIFT_BASKET;SEASHELLS;71233.0;1
537300;Vinnie;Ruby;GIFT_BASKET;SEASHELLS;71219.0;1
537600;Remy;Vinnie;ROSES;SEASHELLS;14540.0;4
538000;Remy;Vinnie;ROSES;SEASHELLS;14540.0;3
538400;Vladimir;Ruby;GIFT_BASKET;SEASHELLS;71191.0;6
539300;Remy;Vinnie;ROSES;SEASHELLS;14536.0;4
540000;Vinnie;Remy;CHOCOLATE;SEASHELLS;7945.0;7
540600;Vinnie;Vladimir;CHOCOLATE;SEASHELLS;7944.0;10
540700;Vinnie;Remy;STRAWBERRIES;SEASHELLS;4076.0;6
540900;Vinnie;Remy;ROSES;SEASHELLS;14546.0;1
541300;Vinnie;Vladimir;CHOCOLATE;SEASHELLS;7944.0;10
541400;Remy;Vinnie;ROSES;SEASHELLS;14546.0;5
541500;Vinnie;Remy;ROSES;SEASHELLS;14541.0;4
541600;Vinnie;Remy;CHOCOLATE;SEASHELLS;7943.0;6
542000;Remy;Vinnie;STRAWBERRIES;SEASHELLS;4079.0;4
542400;Remy;Vinnie;STRAWBERRIES;SEASHELLS;4079.0;9
543700;Remy;Vinnie;ROSES;SEASHELLS;14538.0;4
543900;Vinnie;Remy;STRAWBERRIES;SEASHELLS;4079.0;10
544300;Vinnie;Remy;ROSES;SEASHELLS;14534.0;3
545600;Vinnie;Remy;ROSES;SEASHELLS;14539.0;4
545800;Vinnie;Vladimir;STRAWBERRIES;SEASHELLS;4080.0;5
545800;Remy;Vinnie;ROSES;SEASHELLS;14545.0;3
546400;Vinnie;Ruby;GIFT_BASKET;SEASHELLS;71102.0;1
546700;Vinnie;Remy;CHOCOLATE;SEASHELLS;7936.0;5
547300;Remy;Vinnie;STRAWBERRIES;SEASHELLS;4080.0;4
547300;Vinnie;Remy;CHOCOLATE;SEASHELLS;7934.0;8
548300;Vinnie;Remy;ROSES;SEASHELLS;14540.0;5
549300;Remy;Vinnie;CHOCOLATE;SEASHELLS;7923.0;7
549400;Remy;Vinnie;CHOCOLATE;SEASHELLS;7925.0;6
549500;Vinnie;Remy;ROSES;SEASHELLS;14538.0;1
549700;Vinnie;Remy;ROSES;SEASHELLS;14539.0;5
549800;Vinnie;Vladimir;STRAWBERRIES;SEASHELLS;4075.0;3
549900;Remy;Vinnie;STRAWBERRIES;SEASHELLS;4075.0;5
550000;Vinnie;Rhianna;GIFT_BASKET;SEASHELLS;71040.0;2
550700;Remy;Vinnie;CHOCOLATE;SEASHELLS;7925.0;7
551100;Remy;Vinnie;ROSES;SEASHELLS;14534.0;2
551400;Vinnie;Vladimir;STRAWBERRIES;SEASHELLS;4076.0;12
551500;Vinnie;Remy;ROSES;SEASHELLS;14535.0;4
551600;Remy;Vinnie;STRAWBERRIES;SEASHELLS;4078.0;5
552300;Vinnie;Ruby;GIFT_BASKET;SEASHELLS;71040.0;1
552400;Remy;Vinnie;ROSES;SEASHELLS;14548.0;5
552400;Remy;Vinnie;CHOCOLATE;SEASHELLS;7926.0;7
552900;Vinnie;Remy;ROSES;SEASHELLS;14552.0;1
552900;Vinnie;Vladimir;ROSES;SEASHELLS;14552.0;4
553000;Vinnie;Vladimir;STRAWBERRIES;SEASHELLS;4077.0;9
553400;Vinnie;Vladimir;STRAWBERRIES;SEASHELLS;4076.0;8
553500;Vinnie;Vladimir;ROSES;SEASHELLS;14555.0;5
553800;Vinnie;Remy;CHOCOLATE;SEASHELLS;7926.0;6
553800;Remy;Vinnie;ROSES;SEASHELLS;14553.0;5
554000;Remy;Vinnie;ROSES;SEASHELLS;14558.0;4
554300;Vinnie;Remy;ROSES;SEASHELLS;14554.0;2
554500;Remy;Vinnie;CHOCOLATE;SEASHELLS;7923.0;6
554500;Vinnie;Remy;ROSES;SEASHELLS;14556.0;4
554800;Vinnie;Remy;CHOCOLATE;SEASHELLS;7922.0;8
555000;Vinnie;Remy;STRAWBERRIES;SEASHELLS;4077.0;6
555300;Vinnie;Remy;CHOCOLATE;SEASHELLS;7921.0;5
555400;Vinnie;Rhianna;GIFT_BASKET;SEASHELLS;71021.0;1
