timestamp;buyer;seller;symbol;currency;price;quantity
0;;;CHOCOLATE;SEASHELLS;8001.0;8
0;;;ROSES;SEASHELLS;15001.0;3
200;;;ROSES;SEASHELLS;15000.0;3
500;;;STRAWBERRIES;SEASHELLS;3999.0;10
1000;;;GIFT_BASKET;SEASHELLS;71360.0;2
1200;;;ROSES;SEASHELLS;14997.0;1
1300;;;CHOCOLATE;SEASHELLS;8000.0;7
1400;;;ROSES;SEASHELLS;14994.0;3
2600;;;ROSES;SEASHELLS;14974.0;5
2800;;;STRAWBERRIES;SEASHELLS;4001.0;10
3100;;;ROSES;SEASHELLS;14961.0;5
3200;;;STRAWBERRIES;SEASHELLS;4002.0;5
3300;;;STRAWBERRIES;SEASHELLS;4001.0;8
3500;;;CHOCOLATE;SEASHELLS;8005.0;8
3500;;;STRAWBERRIES;SEASHELLS;4000.0;7
3500;;;GIFT_BASKET;SEASHELLS;71340.0;2
3700;;;ROSES;SEASHELLS;14955.0;4
3800;;;GIFT_BASKET;SEASHELLS;71339.0;1
4400;;;STRAWBERRIES;SEASHELLS;3999.0;9
4600;;;STRAWBERRIES;SEASHELLS;4000.0;7
5600;;;STRAWBERRIES;SEASHELLS;3998.0;8
5800;;;CHOCOLATE;SEASHELLS;7995.0;10
5800;;;CHOCOLATE;SEASHELLS;7995.0;6
5800;;;STRAWBERRIES;SEASHELLS;4000.0;4
6200;;;ROSES;SEASHELLS;14962.0;3
6800;;;STRAWBERRIES;SEASHELLS;3999.0;7
7200;;;STRAWBERRIES;SEASHELLS;3999.0;4
7400;;;CHOCOLATE;SEASHELLS;7999.0;7
7700;;;ROSES;SEASHELLS;14957.0;1
7800;;;ROSES;SEASHELLS;14955.0;1
8000;;;CHOCOLATE;SEASHELLS;8003.0;5
8600;;;STRAWBERRIES;SEASHELLS;4003.0;4
9000;;;ROSES;SEASHELLS;14957.0;5
9300;;;ROSES;SEASHELLS;14959.0;4
9400;;;ROSES;SEASHELLS;14961.0;2
9500;;;GIFT_BASKET;SEASHELLS;71386.0;1
9700;;;STRAWBERRIES;SEASHELLS;4004.0;5
9700;;;ROSES;SEASHELLS;14960.0;5
10000;;;CHOCOLATE;SEASHELLS;8002.0;9
10800;;;CHOCOLATE;SEASHELLS;8000.0;5
11600;;;STRAWBERRIES;SEASHELLS;4001.0;9
11700;;;ROSES;SEASHELLS;14949.0;2
12200;;;STRAWBERRIES;SEASHELLS;4001.0;5
12400;;;STRAWBERRIES;SEASHELLS;4001.0;9
12600;;;CHOCOLATE;SEASHELLS;8005.0;5
12700;;;CHOCOLATE;SEASHELLS;8004.0;6
12700;;;ROSES;SEASHELLS;14933.0;4
13000;;;GIFT_BASKET;SEASHELLS;71400.0;9
13100;;;CHOCOLATE;SEASHELLS;8007.0;10
13600;;;CHOCOLATE;SEASHELLS;8007.0;10
13700;;;CHOCOLATE;SEASHELLS;8006.0;7
13800;;;CHOCOLATE;SEASHELLS;8006.0;7
13900;;;GIFT_BASKET;SEASHELLS;71382.0;9
13900;;;ROSES;SEASHELLS;14934.0;4
14200;;;STRAWBERRIES;SEASHELLS;3999.0;9
14300;;;GIFT_BASKET;SEASHELLS;71405.0;5
14400;;;ROSES;SEASHELLS;14930.0;3
14400;;;STRAWBERRIES;SEASHELLS;4000.0;7
14600;;;ROSES;SEASHELLS;14926.0;1
15000;;;STRAWBERRIES;SEASHELLS;3997.0;5
15000;;;STRAWBERRIES;SEASHELLS;3999.0;6
15500;;;CHOCOLATE;SEASHELLS;8012.0;8
15600;;;ROSES;SEASHELLS;14925.0;6
15700;;;CHOCOLATE;SEASHELLS;8014.0;7
15700;;;STRAWBERRIES;SEASHELLS;3996.0;7
15800;;;STRAWBERRIES;SEASHELLS;3997.0;5
15900;;;ROSES;SEASHELLS;14923.0;7
16400;;;STRAWBERRIES;SEASHELLS;3997.0;9
16700;;;CHOCOLATE;SEASHELLS;8010.0;7
16900;;;GIFT_BASKET;SEASHELLS;71391.0;1
17100;;;CHOCOLATE;SEASHELLS;8010.0;6
17300;;;GIFT_BASKET;SEASHELLS;71364.0;3
17400;;;ROSES;SEASHELLS;14912.0;3
17500;;;STRAWBERRIES;SEASHELLS;3998.0;6
17600;;;GIFT_BASKET;SEASHELLS;71338.0;6
18000;;;ROSES;SEASHELLS;14907.0;3
18300;;;CHOCOLATE;SEASHELLS;8007.0;5
18400;;;ROSES;SEASHELLS;14906.0;1
18800;;;STRAWBERRIES;SEASHELLS;3999.0;6
19700;;;CHOCOLATE;SEASHELLS;8017.0;5
19800;;;STRAWBERRIES;SEASHELLS;3999.0;9
20000;;;CHOCOLATE;SEASHELLS;8016.0;6
20000;;;STRAWBERRIES;SEASHELLS;3999.0;9
20200;;;STRAWBERRIES;SEASHELLS;3999.0;9
20500;;;ROSES;SEASHELLS;14931.0;3
20800;;;CHOCOLATE;SEASHELLS;8019.0;9
21000;;;GIFT_BASKET;SEASHELLS;71400.0;10
21100;;;ROSES;SEASHELLS;14927.0;2
21500;;;CHOCOLATE;SEASHELLS;8019.0;7
21600;;;ROSES;SEASHELLS;14919.0;4
21800;;;GIFT_BASKET;SEASHELLS;71403.0;5
21800;;;GIFT_BASKET;SEASHELLS;71403.0;4
21800;;;GIFT_BASKET;SEASHELLS;71404.0;1
22500;;;ROSES;SEASHELLS;14905.0;3
22500;;;GIFT_BASKET;SEASHELLS;71364.0;9
23400;;;GIFT_BASKET;SEASHELLS;71386.0;6
23600;;;ROSES;SEASHELLS;14898.0;4
23800;;;ROSES;SEASHELLS;14901.0;3
24100;;;CHOCOLATE;SEASHELLS;8031.0;7
24100;;;ROSES;SEASHELLS;14896.0;2
25300;;;CHOCOLATE;SEASHELLS;8032.0;8
25400;;;STRAWBERRIES;SEASHELLS;4001.0;7
25600;;;STRAWBERRIES;SEASHELLS;4001.0;9
25700;;;STRAWBERRIES;SEASHELLS;4002.0;5
25700;;;GIFT_BASKET;SEASHELLS;71425.0;1
26000;;;CHOCOLATE;SEASHELLS;8031.0;6
26400;;;STRAWBERRIES;SEASHELLS;4000.0;8
27100;;;STRAWBERRIES;SEASHELLS;4001.0;8
27400;;;CHOCOLATE;SEASHELLS;8030.0;7
27700;;;GIFT_BASKET;SEASHELLS;71402.0;2
27700;;;GIFT_BASKET;SEASHELLS;71402.0;4
28000;;;CHOCOLATE;SEASHELLS;8031.0;8
28500;;;CHOCOLATE;SEASHELLS;8031.0;8
28600;;;ROSES;SEASHELLS;14878.0;2
29100;;;STRAWBERRIES;SEASHELLS;4000.0;9
29300;;;CHOCOLATE;SEASHELLS;8037.0;8
29600;;;STRAWBERRIES;SEASHELLS;3998.0;7
29700;;;STRAWBERRIES;SEASHELLS;4000.0;7
29800;;;STRAWBERRIES;SEASHELLS;3998.0;10
29900;;;GIFT_BASKET;SEASHELLS;71402.0;1
30000;;;STRAWBERRIES;SEASHELLS;3999.0;6
30100;;;GIFT_BASKET;SEASHELLS;71402.0;6
30200;;;STRAWBERRIES;SEASHELLS;3999.0;6
30200;;;ROSES;SEASHELLS;14891.0;2
30400;;;CHOCOLATE;SEASHELLS;8036.0;6
30400;;;STRAWBERRIES;SEASHELLS;3997.0;5
30500;;;STRAWBERRIES;SEASHELLS;3997.0;4
31100;;;GIFT_BASKET;SEASHELLS;71426.0;1
31600;;;CHOCOLATE;SEASHELLS;8040.0;7
31800;;;GIFT_BASKET;SEASHELLS;71422.0;4
31800;;;ROSES;SEASHELLS;14885.0;4
32200;;;CHOCOLATE;SEASHELLS;8042.0;8
32500;;;ROSES;SEASHELLS;14886.0;5
33400;;;CHOCOLATE;SEASHELLS;8034.0;8
33700;;;STRAWBERRIES;SEASHELLS;3998.0;6
33700;;;ROSES;SEASHELLS;14883.0;3
33800;;;STRAWBERRIES;SEASHELLS;3997.0;6
33900;;;STRAWBERRIES;SEASHELLS;3996.0;5
34000;;;ROSES;SEASHELLS;14888.0;1
34500;;;STRAWBERRIES;SEASHELLS;3996.0;9
34700;;;GIFT_BASKET;SEASHELLS;71398.0;7
34700;;;ROSES;SEASHELLS;14889.0;3
35100;;;ROSES;SEASHELLS;14891.0;3
35200;;;STRAWBERRIES;SEASHELLS;3997.0;6
35400;;;ROSES;SEASHELLS;14890.0;2
35400;;;STRAWBERRIES;SEASHELLS;3998.0;4
35500;;;STRAWBERRIES;SEASHELLS;3996.0;6
35600;;;STRAWBERRIES;SEASHELLS;3996.0;11
36000;;;STRAWBERRIES;SEASHELLS;3997.0;7
36100;;;CHOCOLATE;SEASHELLS;8038.0;5
36700;;;CHOCOLATE;SEASHELLS;8037.0;8
36900;;;GIFT_BASKET;SEASHELLS;71390.0;2
36900;;;CHOCOLATE;SEASHELLS;8036.0;9
36900;;;STRAWBERRIES;SEASHELLS;3996.0;8
37000;;;STRAWBERRIES;SEASHELLS;3996.0;6
38300;;;CHOCOLATE;SEASHELLS;8042.0;8
38500;;;STRAWBERRIES;SEASHELLS;3997.0;4
39600;;;GIFT_BASKET;SEASHELLS;71411.0;4
39900;;;ROSES;SEASHELLS;14878.0;6
39900;;;CHOCOLATE;SEASHELLS;8036.0;5
40000;;;GIFT_BASKET;SEASHELLS;71410.0;2
40100;;;GIFT_BASKET;SEASHELLS;71432.0;8
40200;;;STRAWBERRIES;SEASHELLS;3999.0;11
40400;;;STRAWBERRIES;SEASHELLS;4000.0;4
40500;;;ROSES;SEASHELLS;14881.0;5
40600;;;ROSES;SEASHELLS;14877.0;4
40700;;;ROSES;SEASHELLS;14874.0;4
40700;;;GIFT_BASKET;SEASHELLS;71420.0;2
40900;;;CHOCOLATE;SEASHELLS;8035.0;5
41000;;;STRAWBERRIES;SEASHELLS;3999.0;5
41200;;;ROSES;SEASHELLS;14877.0;9
41500;;;GIFT_BASKET;SEASHELLS;71429.0;6
41600;;;STRAWBERRIES;SEASHELLS;3998.0;8
41700;;;STRAWBERRIES;SEASHELLS;3997.0;4
41800;;;STRAWBERRIES;SEASHELLS;3997.0;7
42200;;;ROSES;SEASHELLS;14881.0;5
44200;;;STRAWBERRIES;SEASHELLS;3994.0;9
44300;;;ROSES;SEASHELLS;14863.0;3
44400;;;CHOCOLATE;SEASHELLS;8039.0;7
44600;;;CHOCOLATE;SEASHELLS;8038.0;6
44900;;;CHOCOLATE;SEASHELLS;8039.0;7
45000;;;GIFT_BASKET;SEASHELLS;71422.0;1
45000;;;GIFT_BASKET;SEASHELLS;71423.0;1
46100;;;CHOCOLATE;SEASHELLS;8051.0;8
46200;;;GIFT_BASKET;SEASHELLS;71489.0;5
46200;;;ROSES;SEASHELLS;14854.0;5
46200;;;STRAWBERRIES;SEASHELLS;3994.0;4
46500;;;CHOCOLATE;SEASHELLS;8051.0;6
47000;;;ROSES;SEASHELLS;14840.0;9
47300;;;CHOCOLATE;SEASHELLS;8046.0;10
47400;;;ROSES;SEASHELLS;14835.0;2
47900;;;CHOCOLATE;SEASHELLS;8048.0;7
48100;;;CHOCOLATE;SEASHELLS;8046.0;6
48400;;;GIFT_BASKET;SEASHELLS;71438.0;10
48500;;;STRAWBERRIES;SEASHELLS;3994.0;9
48700;;;STRAWBERRIES;SEASHELLS;3995.0;6
48900;;;CHOCOLATE;SEASHELLS;8046.0;8
49000;;;ROSES;SEASHELLS;14824.0;5
49100;;;ROSES;SEASHELLS;14826.0;4
49500;;;STRAWBERRIES;SEASHELLS;3992.0;8
49800;;;STRAWBERRIES;SEASHELLS;3994.0;4
49900;;;CHOCOLATE;SEASHELLS;8046.0;7
50000;;;CHOCOLATE;SEASHELLS;8046.0;4
50200;;;STRAWBERRIES;SEASHELLS;3992.0;10
50300;;;ROSES;SEASHELLS;14805.0;7
51800;;;CHOCOLATE;SEASHELLS;8044.0;7
52300;;;STRAWBERRIES;SEASHELLS;3990.0;6
52900;;;CHOCOLATE;SEASHELLS;8037.0;7
53300;;;ROSES;SEASHELLS;14793.0;1
53400;;;STRAWBERRIES;SEASHELLS;3989.0;11
54200;;;ROSES;SEASHELLS;14777.0;4
54200;;;GIFT_BASKET;SEASHELLS;71248.0;1
54200;;;GIFT_BASKET;SEASHELLS;71247.0;5
54800;;;ROSES;SEASHELLS;14769.0;2
55000;;;STRAWBERRIES;SEASHELLS;3989.0;5
55200;;;CHOCOLATE;SEASHELLS;8032.0;8
55700;;;ROSES;SEASHELLS;14765.0;3
56000;;;CHOCOLATE;SEASHELLS;8029.0;8
56400;;;GIFT_BASKET;SEASHELLS;71201.0;8
57300;;;STRAWBERRIES;SEASHELLS;3987.0;8
57400;;;STRAWBERRIES;SEASHELLS;3987.0;8
57500;;;GIFT_BASKET;SEASHELLS;71199.0;2
57500;;;GIFT_BASKET;SEASHELLS;71200.0;1
57500;;;GIFT_BASKET;SEASHELLS;71205.0;4
57600;;;GIFT_BASKET;SEASHELLS;71201.0;6
57800;;;ROSES;SEASHELLS;14753.0;1
57900;;;ROSES;SEASHELLS;14756.0;5
57900;;;CHOCOLATE;SEASHELLS;8033.0;7
58000;;;ROSES;SEASHELLS;14755.0;5
58100;;;GIFT_BASKET;SEASHELLS;71195.0;6
58100;;;GIFT_BASKET;SEASHELLS;71196.0;1
58200;;;ROSES;SEASHELLS;14762.0;5
58500;;;CHOCOLATE;SEASHELLS;8034.0;6
58600;;;STRAWBERRIES;SEASHELLS;3989.0;9
58800;;;STRAWBERRIES;SEASHELLS;3990.0;4
58900;;;GIFT_BASKET;SEASHELLS;71207.0;5
58900;;;STRAWBERRIES;SEASHELLS;3989.0;9
59100;;;CHOCOLATE;SEASHELLS;8032.0;5
59300;;;ROSES;SEASHELLS;14763.0;3
59600;;;STRAWBERRIES;SEASHELLS;3990.0;10
59800;;;STRAWBERRIES;SEASHELLS;3991.0;10
60700;;;STRAWBERRIES;SEASHELLS;3991.0;4
61400;;;GIFT_BASKET;SEASHELLS;71240.0;2
61500;;;CHOCOLATE;SEASHELLS;8038.0;8
61600;;;STRAWBERRIES;SEASHELLS;3991.0;6
62100;;;STRAWBERRIES;SEASHELLS;3991.0;10
62400;;;GIFT_BASKET;SEASHELLS;71284.0;9
62600;;;ROSES;SEASHELLS;14757.0;5
62600;;;CHOCOLATE;SEASHELLS;8037.0;9
62800;;;STRAWBERRIES;SEASHELLS;3991.0;4
62800;;;ROSES;SEASHELLS;14765.0;4
63500;;;STRAWBERRIES;SEASHELLS;3989.0;4
63800;;;GIFT_BASKET;SEASHELLS;71298.0;2
64100;;;CHOCOLATE;SEASHELLS;8041.0;8
64500;;;ROSES;SEASHELLS;14765.0;2
64600;;;STRAWBERRIES;SEASHELLS;3987.0;10
65200;;;CHOCOLATE;SEASHELLS;8035.0;7
65400;;;ROSES;SEASHELLS;14767.0;5
65500;;;CHOCOLATE;SEASHELLS;8033.0;5
65900;;;CHOCOLATE;SEASHELLS;8032.0;4
66100;;;STRAWBERRIES;SEASHELLS;3986.0;7
66500;;;GIFT_BASKET;SEASHELLS;71292.0;6
66500;;;CHOCOLATE;SEASHELLS;8033.0;7
66500;;;GIFT_BASKET;SEASHELLS;71293.0;2
66600;;;STRAWBERRIES;SEASHELLS;3987.0;9
66700;;;GIFT_BASKET;SEASHELLS;71295.0;5
67100;;;STRAWBERRIES;SEASHELLS;3988.0;7
67100;;;CHOCOLATE;SEASHELLS;8029.0;8
67100;;;GIFT_BASKET;SEASHELLS;71282.0;1
68100;;;CHOCOLATE;SEASHELLS;8026.0;8
68200;;;GIFT_BASKET;SEASHELLS;71256.0;2
68200;;;GIFT_BASKET;SEASHELLS;71255.0;4
68500;;;STRAWBERRIES;SEASHELLS;3987.0;6
68600;;;ROSES;SEASHELLS;14768.0;2
68700;;;CHOCOLATE;SEASHELLS;8029.0;4
69000;;;STRAWBERRIES;SEASHELLS;3986.0;4
69200;;;ROSES;SEASHELLS;14770.0;4
69600;;;GIFT_BASKET;SEASHELLS;71295.0;1
69600;;;ROSES;SEASHELLS;14767.0;2
69600;;;GIFT_BASKET;SEASHELLS;71294.0;4
69700;;;STRAWBERRIES;SEASHELLS;3987.0;11
70000;;;STRAWBERRIES;SEASHELLS;3987.0;8
70200;;;CHOCOLATE;SEASHELLS;8034.0;6
70600;;;ROSES;SEASHELLS;14782.0;2
71000;;;STRAWBERRIES;SEASHELLS;3988.0;8
71200;;;STRAWBERRIES;SEASHELLS;3987.0;8
71400;;;CHOCOLATE;SEASHELLS;8031.0;7
71500;;;CHOCOLATE;SEASHELLS;8029.0;7
71700;;;CHOCOLATE;SEASHELLS;8027.0;7
72200;;;STRAWBERRIES;SEASHELLS;3990.0;10
72400;;;GIFT_BASKET;SEASHELLS;71265.0;9
72700;;;STRAWBERRIES;SEASHELLS;3987.0;5
72800;;;GIFT_BASKET;SEASHELLS;71240.0;2
72900;;;ROSES;SEASHELLS;14785.0;3
73200;;;ROSES;SEASHELLS;14778.0;1
73600;;;ROSES;SEASHELLS;14768.0;3
74800;;;GIFT_BASKET;SEASHELLS;71271.0;4
74800;;;GIFT_BASKET;SEASHELLS;71271.0;2
75000;;;ROSES;SEASHELLS;14779.0;4
75100;;;ROSES;SEASHELLS;14777.0;2
75200;;;CHOCOLATE;SEASHELLS;8034.0;7
75400;;;CHOCOLATE;SEASHELLS;8033.0;8
76000;;;STRAWBERRIES;SEASHELLS;3986.0;10
76700;;;ROSES;SEASHELLS;14779.0;3
76800;;;ROSES;SEASHELLS;14780.0;4
77000;;;STRAWBERRIES;SEASHELLS;3986.0;8
77100;;;CHOCOLATE;SEASHELLS;8032.0;6
77500;;;GIFT_BASKET;SEASHELLS;71213.0;2
77500;;;CHOCOLATE;SEASHELLS;8031.0;8
77500;;;GIFT_BASKET;SEASHELLS;71212.0;4
77700;;;ROSES;SEASHELLS;14778.0;1
78000;;;CHOCOLATE;SEASHELLS;8030.0;8
78100;;;STRAWBERRIES;SEASHELLS;3985.0;9
78900;;;ROSES;SEASHELLS;14766.0;3
78900;;;STRAWBERRIES;SEASHELLS;3986.0;10
79700;;;GIFT_BASKET;SEASHELLS;71178.0;2
80000;;;ROSES;SEASHELLS;14752.0;11
80400;;;STRAWBERRIES;SEASHELLS;3986.0;6
80500;;;STRAWBERRIES;SEASHELLS;3986.0;4
80700;;;ROSES;SEASHELLS;14760.0;3
80800;;;ROSES;SEASHELLS;14763.0;4
80900;;;STRAWBERRIES;SEASHELLS;3986.0;8
81300;;;CHOCOLATE;SEASHELLS;8024.0;5
81500;;;CHOCOLATE;SEASHELLS;8023.0;8
82400;;;STRAWBERRIES;SEASHELLS;3984.0;11
82700;;;CHOCOLATE;SEASHELLS;8019.0;6
82800;;;ROSES;SEASHELLS;14750.0;5
83500;;;STRAWBERRIES;SEASHELLS;3984.0;3
83800;;;CHOCOLATE;SEASHELLS;8025.0;10
83800;;;GIFT_BASKET;SEASHELLS;71161.0;10
84600;;;ROSES;SEASHELLS;14724.0;2
85500;;;ROSES;SEASHELLS;14724.0;5
85500;;;STRAWBERRIES;SEASHELLS;3984.0;6
85900;;;STRAWBERRIES;SEASHELLS;3984.0;5
86000;;;GIFT_BASKET;SEASHELLS;71109.0;1
86100;;;CHOCOLATE;SEASHELLS;8026.0;6
86200;;;ROSES;SEASHELLS;14733.0;4
87100;;;ROSES;SEASHELLS;14730.0;3
87300;;;ROSES;SEASHELLS;14736.0;2
87300;;;CHOCOLATE;SEASHELLS;8024.0;9
87300;;;STRAWBERRIES;SEASHELLS;3983.0;3
87500;;;CHOCOLATE;SEASHELLS;8026.0;7
87600;;;STRAWBERRIES;SEASHELLS;3984.0;10
87900;;;ROSES;SEASHELLS;14745.0;1
88500;;;ROSES;SEASHELLS;14750.0;2
88600;;;GIFT_BASKET;SEASHELLS;71126.0;1
89000;;;ROSES;SEASHELLS;14750.0;1
89100;;;ROSES;SEASHELLS;14750.0;1
89500;;;CHOCOLATE;SEASHELLS;8023.0;8
89600;;;ROSES;SEASHELLS;14746.0;1
90200;;;STRAWBERRIES;SEASHELLS;3987.0;9
90400;;;CHOCOLATE;SEASHELLS;8025.0;5
91600;;;STRAWBERRIES;SEASHELLS;3986.0;6
91800;;;STRAWBERRIES;SEASHELLS;3986.0;9
92800;;;ROSES;SEASHELLS;14768.0;2
93000;;;CHOCOLATE;SEASHELLS;8024.0;5
93600;;;CHOCOLATE;SEASHELLS;8022.0;10
93600;;;ROSES;SEASHELLS;14765.0;1
94400;;;STRAWBERRIES;SEASHELLS;3989.0;4
94500;;;CHOCOLATE;SEASHELLS;8019.0;7
94600;;;STRAWBERRIES;SEASHELLS;3989.0;7
94700;;;STRAWBERRIES;SEASHELLS;3991.0;5
95100;;;STRAWBERRIES;SEASHELLS;3990.0;12
95200;;;GIFT_BASKET;SEASHELLS;71150.0;5
95200;;;CHOCOLATE;SEASHELLS;8020.0;8
95200;;;GIFT_BASKET;SEASHELLS;71150.0;1
95400;;;CHOCOLATE;SEASHELLS;8019.0;5
95700;;;ROSES;SEASHELLS;14783.0;3
95800;;;ROSES;SEASHELLS;14779.0;1
96100;;;ROSES;SEASHELLS;14786.0;4
96300;;;GIFT_BASKET;SEASHELLS;71178.0;5
96500;;;ROSES;SEASHELLS;14786.0;2
97000;;;GIFT_BASKET;SEASHELLS;71193.0;2
97300;;;STRAWBERRIES;SEASHELLS;3993.0;11
97400;;;STRAWBERRIES;SEASHELLS;3993.0;7
97600;;;STRAWBERRIES;SEASHELLS;3995.0;7
97900;;;GIFT_BASKET;SEASHELLS;71211.0;9
98000;;;ROSES;SEASHELLS;14784.0;3
98200;;;STRAWBERRIES;SEASHELLS;3995.0;8
98700;;;CHOCOLATE;SEASHELLS;8023.0;7
99000;;;STRAWBERRIES;SEASHELLS;3994.0;5
99500;;;CHOCOLATE;SEASHELLS;8031.0;6
100300;;;ROSES;SEASHELLS;14787.0;4
100400;;;CHOCOLATE;SEASHELLS;8028.0;8
100700;;;STRAWBERRIES;SEASHELLS;3999.0;10
100800;;;ROSES;SEASHELLS;14798.0;8
101100;;;STRAWBERRIES;SEASHELLS;4000.0;9
101100;;;ROSES;SEASHELLS;14798.0;4
101300;;;GIFT_BASKET;SEASHELLS;71261.0;6
101500;;;STRAWBERRIES;SEASHELLS;4000.0;9
101500;;;CHOCOLATE;SEASHELLS;8025.0;6
101900;;;STRAWBERRIES;SEASHELLS;3998.0;9
102400;;;CHOCOLATE;SEASHELLS;8028.0;7
102700;;;CHOCOLATE;SEASHELLS;8028.0;5
103000;;;ROSES;SEASHELLS;14762.0;2
103200;;;STRAWBERRIES;SEASHELLS;3996.0;9
103400;;;ROSES;SEASHELLS;14763.0;2
103600;;;STRAWBERRIES;SEASHELLS;3998.0;4
103800;;;GIFT_BASKET;SEASHELLS;71257.0;2
103800;;;GIFT_BASKET;SEASHELLS;71257.0;6
104400;;;STRAWBERRIES;SEASHELLS;3998.0;8
104500;;;STRAWBERRIES;SEASHELLS;4000.0;6
104900;;;STRAWBERRIES;SEASHELLS;3998.0;5
105600;;;ROSES;SEASHELLS;14767.0;4
105700;;;ROSES;SEASHELLS;14769.0;2
105800;;;ROSES;SEASHELLS;14768.0;2
105900;;;CHOCOLATE;SEASHELLS;8029.0;8
106100;;;CHOCOLATE;SEASHELLS;8026.0;6
106100;;;ROSES;SEASHELLS;14771.0;3
106300;;;STRAWBERRIES;SEASHELLS;3999.0;6
107200;;;STRAWBERRIES;SEASHELLS;4000.0;5
107400;;;CHOCOLATE;SEASHELLS;8026.0;6
108300;;;STRAWBERRIES;SEASHELLS;3999.0;12
109100;;;STRAWBERRIES;SEASHELLS;3999.0;7
109600;;;GIFT_BASKET;SEASHELLS;71315.0;4
109700;;;ROSES;SEASHELLS;14742.0;3
110100;;;CHOCOLATE;SEASHELLS;8030.0;6
110900;;;STRAWBERRIES;SEASHELLS;4000.0;9
110900;;;ROSES;SEASHELLS;14760.0;3
111000;;;ROSES;SEASHELLS;14759.0;4
111400;;;STRAWBERRIES;SEASHELLS;4000.0;7
111600;;;ROSES;SEASHELLS;14753.0;2
111900;;;STRAWBERRIES;SEASHELLS;4001.0;10
112800;;;STRAWBERRIES;SEASHELLS;4000.0;10
113300;;;STRAWBERRIES;SEASHELLS;4002.0;9
113700;;;ROSES;SEASHELLS;14738.0;4
114100;;;STRAWBERRIES;SEASHELLS;4003.0;4
114600;;;GIFT_BASKET;SEASHELLS;71351.0;1
114900;;;ROSES;SEASHELLS;14757.0;3
115000;;;GIFT_BASKET;SEASHELLS;71392.0;2
115100;;;CHOCOLATE;SEASHELLS;8031.0;8
115200;;;ROSES;SEASHELLS;14756.0;5
115500;;;ROSES;SEASHELLS;14752.0;2
115600;;;GIFT_BASKET;SEASHELLS;71384.0;1
116300;;;CHOCOLATE;SEASHELLS;8030.0;6
116400;;;GIFT_BASKET;SEASHELLS;71361.0;2
116400;;;ROSES;SEASHELLS;14757.0;1
116500;;;CHOCOLATE;SEASHELLS;8028.0;5
117300;;;ROSES;SEASHELLS;14746.0;3
117400;;;STRAWBERRIES;SEASHELLS;4005.0;10
117400;;;ROSES;SEASHELLS;14746.0;3
117500;;;STRAWBERRIES;SEASHELLS;4006.0;9
117600;;;CHOCOLATE;SEASHELLS;8027.0;4
118800;;;CHOCOLATE;SEASHELLS;8026.0;6
119100;;;CHOCOLATE;SEASHELLS;8027.0;5
119100;;;ROSES;SEASHELLS;14725.0;4
119400;;;GIFT_BASKET;SEASHELLS;71336.0;2
119500;;;ROSES;SEASHELLS;14731.0;11
119700;;;STRAWBERRIES;SEASHELLS;4007.0;8
119900;;;ROSES;SEASHELLS;14737.0;3
120000;;;CHOCOLATE;SEASHELLS;8029.0;7
120200;;;CHOCOLATE;SEASHELLS;8031.0;5
120300;;;STRAWBERRIES;SEASHELLS;4005.0;5
120600;;;CHOCOLATE;SEASHELLS;8032.0;8
121000;;;STRAWBERRIES;SEASHELLS;4003.0;5
121200;;;GIFT_BASKET;SEASHELLS;71290.0;2
121500;;;ROSES;SEASHELLS;14732.0;4
121500;;;STRAWBERRIES;SEASHELLS;4001.0;4
121600;;;CHOCOLATE;SEASHELLS;8027.0;10
121800;;;CHOCOLATE;SEASHELLS;8028.0;7
122000;;;ROSES;SEASHELLS;14724.0;5
123600;;;ROSES;SEASHELLS;14741.0;5
123900;;;CHOCOLATE;SEASHELLS;8029.0;5
124100;;;CHOCOLATE;SEASHELLS;8027.0;8
124200;;;GIFT_BASKET;SEASHELLS;71295.0;2
124400;;;GIFT_BASKET;SEASHELLS;71290.0;1
124400;;;GIFT_BASKET;SEASHELLS;71296.0;1
124700;;;ROSES;SEASHELLS;14744.0;5
124900;;;ROSES;SEASHELLS;14748.0;8
125600;;;ROSES;SEASHELLS;14737.0;2
125900;;;STRAWBERRIES;SEASHELLS;3998.0;11
126000;;;ROSES;SEASHELLS;14736.0;3
126200;;;STRAWBERRIES;SEASHELLS;3998.0;6
126400;;;STRAWBERRIES;SEASHELLS;4000.0;9
126500;;;ROSES;SEASHELLS;14736.0;1
126500;;;CHOCOLATE;SEASHELLS;8036.0;7
126600;;;CHOCOLATE;SEASHELLS;8034.0;5
126600;;;STRAWBERRIES;SEASHELLS;3998.0;8
126800;;;STRAWBERRIES;SEASHELLS;3999.0;7
126900;;;CHOCOLATE;SEASHELLS;8033.0;7
127000;;;CHOCOLATE;SEASHELLS;8033.0;7
127700;;;CHOCOLATE;SEASHELLS;8037.0;6
128100;;;ROSES;SEASHELLS;14752.0;2
128300;;;ROSES;SEASHELLS;14751.0;3
128500;;;STRAWBERRIES;SEASHELLS;3997.0;6
128900;;;ROSES;SEASHELLS;14766.0;1
129000;;;ROSES;SEASHELLS;14761.0;2
129100;;;STRAWBERRIES;SEASHELLS;3998.0;7
129800;;;CHOCOLATE;SEASHELLS;8040.0;7
130000;;;CHOCOLATE;SEASHELLS;8042.0;5
130400;;;STRAWBERRIES;SEASHELLS;4000.0;7
130600;;;ROSES;SEASHELLS;14766.0;5
130800;;;ROSES;SEASHELLS;14764.0;3
131200;;;GIFT_BASKET;SEASHELLS;71356.0;1
131800;;;STRAWBERRIES;SEASHELLS;3998.0;8
131800;;;STRAWBERRIES;SEASHELLS;3997.0;3
132000;;;STRAWBERRIES;SEASHELLS;3997.0;12
132000;;;CHOCOLATE;SEASHELLS;8050.0;7
132100;;;CHOCOLATE;SEASHELLS;8048.0;5
133000;;;STRAWBERRIES;SEASHELLS;4000.0;8
133200;;;ROSES;SEASHELLS;14779.0;4
133400;;;STRAWBERRIES;SEASHELLS;4000.0;3
133500;;;GIFT_BASKET;SEASHELLS;71401.0;7
133500;;;STRAWBERRIES;SEASHELLS;3999.0;4
133600;;;GIFT_BASKET;SEASHELLS;71414.0;2
133700;;;ROSES;SEASHELLS;14780.0;5
134000;;;ROSES;SEASHELLS;14784.0;5
134700;;;STRAWBERRIES;SEASHELLS;3999.0;8
134900;;;STRAWBERRIES;SEASHELLS;3999.0;6
135200;;;STRAWBERRIES;SEASHELLS;3999.0;4
135300;;;CHOCOLATE;SEASHELLS;8044.0;7
135800;;;GIFT_BASKET;SEASHELLS;71325.0;2
135800;;;GIFT_BASKET;SEASHELLS;71336.0;2
135800;;;GIFT_BASKET;SEASHELLS;71336.0;5
136200;;;STRAWBERRIES;SEASHELLS;4002.0;9
136200;;;ROSES;SEASHELLS;14761.0;5
136300;;;STRAWBERRIES;SEASHELLS;4001.0;4
136600;;;ROSES;SEASHELLS;14756.0;8
137400;;;STRAWBERRIES;SEASHELLS;4001.0;6
137400;;;GIFT_BASKET;SEASHELLS;71305.0;7
137600;;;ROSES;SEASHELLS;14750.0;1
138300;;;GIFT_BASKET;SEASHELLS;71326.0;8
138400;;;ROSES;SEASHELLS;14747.0;2
138500;;;STRAWBERRIES;SEASHELLS;4002.0;8
138700;;;GIFT_BASKET;SEASHELLS;71332.0;2
138700;;;GIFT_BASKET;SEASHELLS;71331.0;7
138800;;;CHOCOLATE;SEASHELLS;8041.0;6
138800;;;ROSES;SEASHELLS;14754.0;3
140900;;;ROSES;SEASHELLS;14758.0;3
141000;;;ROSES;SEASHELLS;14760.0;4
141200;;;CHOCOLATE;SEASHELLS;8046.0;6
141300;;;STRAWBERRIES;SEASHELLS;3999.0;5
142000;;;STRAWBERRIES;SEASHELLS;3998.0;4
142200;;;CHOCOLATE;SEASHELLS;8048.0;6
142700;;;ROSES;SEASHELLS;14759.0;2
143100;;;CHOCOLATE;SEASHELLS;8043.0;7
143100;;;ROSES;SEASHELLS;14760.0;2
143200;;;STRAWBERRIES;SEASHELLS;3997.0;5
143300;;;ROSES;SEASHELLS;14764.0;3
144200;;;STRAWBERRIES;SEASHELLS;3998.0;9
144300;;;STRAWBERRIES;SEASHELLS;3997.0;9
145300;;;ROSES;SEASHELLS;14750.0;3
145400;;;ROSES;SEASHELLS;14755.0;5
145400;;;GIFT_BASKET;SEASHELLS;71442.0;7
145400;;;GIFT_BASKET;SEASHELLS;71442.0;1
145800;;;STRAWBERRIES;SEASHELLS;3998.0;4
146000;;;GIFT_BASKET;SEASHELLS;71449.0;2
146000;;;CHOCOLATE;SEASHELLS;8046.0;7
146300;;;STRAWBERRIES;SEASHELLS;3999.0;8
146700;;;STRAWBERRIES;SEASHELLS;3997.0;4
147000;;;CHOCOLATE;SEASHELLS;8048.0;6
147600;;;STRAWBERRIES;SEASHELLS;3999.0;6
147700;;;CHOCOLATE;SEASHELLS;8046.0;6
147800;;;STRAWBERRIES;SEASHELLS;3997.0;5
148200;;;ROSES;SEASHELLS;14748.0;5
148300;;;ROSES;SEASHELLS;14750.0;5
148700;;;GIFT_BASKET;SEASHELLS;71401.0;2
149000;;;STRAWBERRIES;SEASHELLS;4000.0;6
149200;;;STRAWBERRIES;SEASHELLS;3998.0;10
149600;;;CHOCOLATE;SEASHELLS;8040.0;7
149700;;;ROSES;SEASHELLS;14747.0;11
150400;;;CHOCOLATE;SEASHELLS;8046.0;8
150700;;;STRAWBERRIES;SEASHELLS;3999.0;9
150700;;;CHOCOLATE;SEASHELLS;8045.0;6
151300;;;CHOCOLATE;SEASHELLS;8045.0;8
151500;;;GIFT_BASKET;SEASHELLS;71449.0;2
151600;;;GIFT_BASKET;SEASHELLS;71433.0;1
152000;;;CHOCOLATE;SEASHELLS;8047.0;5
152000;;;ROSES;SEASHELLS;14776.0;3
152500;;;CHOCOLATE;SEASHELLS;8048.0;5
152600;;;GIFT_BASKET;SEASHELLS;71448.0;1
152900;;;CHOCOLATE;SEASHELLS;8041.0;5
153000;;;CHOCOLATE;SEASHELLS;8044.0;5
153100;;;STRAWBERRIES;SEASHELLS;4000.0;10
153500;;;ROSES;SEASHELLS;14786.0;3
153500;;;GIFT_BASKET;SEASHELLS;71439.0;6
154000;;;CHOCOLATE;SEASHELLS;8044.0;6
154100;;;STRAWBERRIES;SEASHELLS;4001.0;10
154200;;;CHOCOLATE;SEASHELLS;8047.0;7
154700;;;CHOCOLATE;SEASHELLS;8042.0;8
154900;;;STRAWBERRIES;SEASHELLS;3998.0;5
155000;;;STRAWBERRIES;SEASHELLS;3998.0;5
155000;;;STRAWBERRIES;SEASHELLS;3998.0;10
155500;;;STRAWBERRIES;SEASHELLS;3998.0;11
155600;;;CHOCOLATE;SEASHELLS;8037.0;7
156100;;;ROSES;SEASHELLS;14785.0;5
156200;;;ROSES;SEASHELLS;14788.0;4
156400;;;CHOCOLATE;SEASHELLS;8034.0;6
156500;;;STRAWBERRIES;SEASHELLS;3998.0;9
156600;;;CHOCOLATE;SEASHELLS;8035.0;5
156900;;;STRAWBERRIES;SEASHELLS;3997.0;9
157100;;;CHOCOLATE;SEASHELLS;8038.0;6
157600;;;ROSES;SEASHELLS;14794.0;4
157600;;;STRAWBERRIES;SEASHELLS;3995.0;7
157800;;;CHOCOLATE;SEASHELLS;8043.0;7
158000;;;STRAWBERRIES;SEASHELLS;3993.0;9
158100;;;ROSES;SEASHELLS;14788.0;3
158500;;;STRAWBERRIES;SEASHELLS;3992.0;11
158500;;;CHOCOLATE;SEASHELLS;8044.0;6
158600;;;GIFT_BASKET;SEASHELLS;71449.0;1
158800;;;GIFT_BASKET;SEASHELLS;71452.0;1
159000;;;CHOCOLATE;SEASHELLS;8041.0;8
159300;;;STRAWBERRIES;SEASHELLS;3993.0;6
160300;;;ROSES;SEASHELLS;14785.0;1
160300;;;STRAWBERRIES;SEASHELLS;3993.0;12
160300;;;STRAWBERRIES;SEASHELLS;3993.0;10
160700;;;STRAWBERRIES;SEASHELLS;3994.0;11
160900;;;STRAWBERRIES;SEASHELLS;3996.0;5
161100;;;CHOCOLATE;SEASHELLS;8037.0;5
161200;;;GIFT_BASKET;SEASHELLS;71444.0;2
161400;;;ROSES;SEASHELLS;14781.0;1
161600;;;CHOCOLATE;SEASHELLS;8036.0;10
162900;;;STRAWBERRIES;SEASHELLS;3996.0;7
163000;;;STRAWBERRIES;SEASHELLS;3996.0;4
163400;;;STRAWBERRIES;SEASHELLS;3996.0;8
163500;;;STRAWBERRIES;SEASHELLS;3997.0;6
163800;;;GIFT_BASKET;SEASHELLS;71407.0;1
163800;;;GIFT_BASKET;SEASHELLS;71407.0;2
163900;;;STRAWBERRIES;SEASHELLS;3996.0;3
164000;;;CHOCOLATE;SEASHELLS;8035.0;6
164300;;;CHOCOLATE;SEASHELLS;8032.0;8
165200;;;GIFT_BASKET;SEASHELLS;71380.0;1
165400;;;STRAWBERRIES;SEASHELLS;3996.0;6
165600;;;GIFT_BASKET;SEASHELLS;71386.0;8
165800;;;ROSES;SEASHELLS;14773.0;5
166700;;;STRAWBERRIES;SEASHELLS;3997.0;11
166900;;;STRAWBERRIES;SEASHELLS;3997.0;7
167000;;;ROSES;SEASHELLS;14760.0;5
167200;;;STRAWBERRIES;SEASHELLS;3996.0;5
167300;;;STRAWBERRIES;SEASHELLS;3996.0;8
167400;;;STRAWBERRIES;SEASHELLS;3995.0;11
167500;;;STRAWBERRIES;SEASHELLS;3997.0;6
167600;;;ROSES;SEASHELLS;14755.0;5
168100;;;CHOCOLATE;SEASHELLS;8027.0;6
168200;;;CHOCOLATE;SEASHELLS;8026.0;7
168300;;;CHOCOLATE;SEASHELLS;8025.0;5
169500;;;STRAWBERRIES;SEASHELLS;3996.0;6
169800;;;CHOCOLATE;SEASHELLS;8028.0;5
169900;;;CHOCOLATE;SEASHELLS;8027.0;6
170300;;;ROSES;SEASHELLS;14717.0;1
170500;;;STRAWBERRIES;SEASHELLS;3995.0;5
170700;;;ROSES;SEASHELLS;14719.0;2
170900;;;STRAWBERRIES;SEASHELLS;3994.0;4
171200;;;STRAWBERRIES;SEASHELLS;3993.0;7
171200;;;CHOCOLATE;SEASHELLS;8026.0;9
171600;;;CHOCOLATE;SEASHELLS;8029.0;7
171900;;;GIFT_BASKET;SEASHELLS;71311.0;5
172000;;;STRAWBERRIES;SEASHELLS;3994.0;10
172100;;;STRAWBERRIES;SEASHELLS;3996.0;10
172600;;;ROSES;SEASHELLS;14729.0;5
172700;;;CHOCOLATE;SEASHELLS;8030.0;8
173700;;;CHOCOLATE;SEASHELLS;8023.0;10
173900;;;CHOCOLATE;SEASHELLS;8023.0;8
174300;;;STRAWBERRIES;SEASHELLS;3994.0;4
174400;;;ROSES;SEASHELLS;14716.0;2
174400;;;CHOCOLATE;SEASHELLS;8025.0;6
175000;;;ROSES;SEASHELLS;14725.0;3
175200;;;STRAWBERRIES;SEASHELLS;3995.0;6
175700;;;ROSES;SEASHELLS;14722.0;2
175800;;;STRAWBERRIES;SEASHELLS;3993.0;5
175800;;;ROSES;SEASHELLS;14720.0;3
176000;;;STRAWBERRIES;SEASHELLS;3994.0;10
176000;;;STRAWBERRIES;SEASHELLS;3994.0;4
176800;;;STRAWBERRIES;SEASHELLS;3996.0;6
177100;;;STRAWBERRIES;SEASHELLS;3995.0;5
177200;;;GIFT_BASKET;SEASHELLS;71260.0;2
177500;;;ROSES;SEASHELLS;14728.0;11
177600;;;GIFT_BASKET;SEASHELLS;71266.0;7
177800;;;STRAWBERRIES;SEASHELLS;3996.0;5
178900;;;STRAWBERRIES;SEASHELLS;3996.0;6
178900;;;ROSES;SEASHELLS;14730.0;1
179000;;;CHOCOLATE;SEASHELLS;8020.0;5
179200;;;GIFT_BASKET;SEASHELLS;71239.0;1
180000;;;ROSES;SEASHELLS;14706.0;1
180100;;;CHOCOLATE;SEASHELLS;8020.0;7
180200;;;STRAWBERRIES;SEASHELLS;3997.0;4
180300;;;ROSES;SEASHELLS;14703.0;1
180300;;;CHOCOLATE;SEASHELLS;8020.0;7
181200;;;ROSES;SEASHELLS;14713.0;3
181300;;;CHOCOLATE;SEASHELLS;8017.0;6
181400;;;STRAWBERRIES;SEASHELLS;3997.0;11
181700;;;ROSES;SEASHELLS;14716.0;3
181900;;;CHOCOLATE;SEASHELLS;8020.0;5
181900;;;STRAWBERRIES;SEASHELLS;3996.0;9
182400;;;STRAWBERRIES;SEASHELLS;3998.0;8
182600;;;GIFT_BASKET;SEASHELLS;71286.0;2
182900;;;CHOCOLATE;SEASHELLS;8027.0;6
183600;;;CHOCOLATE;SEASHELLS;8032.0;8
183900;;;ROSES;SEASHELLS;14710.0;2
184100;;;GIFT_BASKET;SEASHELLS;71299.0;2
184100;;;CHOCOLATE;SEASHELLS;8032.0;8
184500;;;STRAWBERRIES;SEASHELLS;4001.0;10
184600;;;STRAWBERRIES;SEASHELLS;4000.0;5
184600;;;GIFT_BASKET;SEASHELLS;71318.0;2
184800;;;STRAWBERRIES;SEASHELLS;4001.0;4
185500;;;STRAWBERRIES;SEASHELLS;4000.0;4
185700;;;CHOCOLATE;SEASHELLS;8030.0;8
186300;;;STRAWBERRIES;SEASHELLS;4001.0;6
187000;;;ROSES;SEASHELLS;14734.0;4
187600;;;ROSES;SEASHELLS;14738.0;4
187800;;;GIFT_BASKET;SEASHELLS;71372.0;10
187800;;;STRAWBERRIES;SEASHELLS;4001.0;8
188400;;;ROSES;SEASHELLS;14745.0;3
188500;;;GIFT_BASKET;SEASHELLS;71339.0;10
188600;;;ROSES;SEASHELLS;14737.0;1
188700;;;STRAWBERRIES;SEASHELLS;4002.0;7
188900;;;ROSES;SEASHELLS;14738.0;8
189900;;;GIFT_BASKET;SEASHELLS;71377.0;2
189900;;;GIFT_BASKET;SEASHELLS;71377.0;4
190000;;;ROSES;SEASHELLS;14747.0;1
191700;;;ROSES;SEASHELLS;14758.0;4
191900;;;STRAWBERRIES;SEASHELLS;4001.0;9
192200;;;STRAWBERRIES;SEASHELLS;4002.0;10
192600;;;CHOCOLATE;SEASHELLS;8024.0;6
192700;;;ROSES;SEASHELLS;14771.0;2
192900;;;GIFT_BASKET;SEASHELLS;71350.0;2
193300;;;STRAWBERRIES;SEASHELLS;4003.0;10
193400;;;ROSES;SEASHELLS;14768.0;5
193700;;;ROSES;SEASHELLS;14767.0;1
193800;;;STRAWBERRIES;SEASHELLS;4003.0;8
193900;;;STRAWBERRIES;SEASHELLS;4002.0;9
194100;;;STRAWBERRIES;SEASHELLS;4002.0;4
194300;;;GIFT_BASKET;SEASHELLS;71283.0;2
194300;;;GIFT_BASKET;SEASHELLS;71284.0;1
194700;;;ROSES;SEASHELLS;14760.0;6
194900;;;CHOCOLATE;SEASHELLS;8019.0;7
195000;;;ROSES;SEASHELLS;14758.0;3
195200;;;ROSES;SEASHELLS;14758.0;3
195300;;;GIFT_BASKET;SEASHELLS;71273.0;1
195300;;;GIFT_BASKET;SEASHELLS;71272.0;4
195900;;;STRAWBERRIES;SEASHELLS;4002.0;6
196000;;;CHOCOLATE;SEASHELLS;8015.0;7
196200;;;STRAWBERRIES;SEASHELLS;4002.0;10
196300;;;ROSES;SEASHELLS;14761.0;5
196500;;;STRAWBERRIES;SEASHELLS;4003.0;10
196700;;;STRAWBERRIES;SEASHELLS;4003.0;8
196800;;;STRAWBERRIES;SEASHELLS;4004.0;5
197100;;;CHOCOLATE;SEASHELLS;8015.0;7
197500;;;ROSES;SEASHELLS;14746.0;2
197600;;;CHOCOLATE;SEASHELLS;8020.0;7
197900;;;GIFT_BASKET;SEASHELLS;71301.0;2
198200;;;STRAWBERRIES;SEASHELLS;4003.0;10
198200;;;ROSES;SEASHELLS;14753.0;3
198400;;;ROSES;SEASHELLS;14751.0;3
198500;;;CHOCOLATE;SEASHELLS;8015.0;6
198600;;;GIFT_BASKET;SEASHELLS;71277.0;1
198600;;;ROSES;SEASHELLS;14753.0;7
198700;;;ROSES;SEASHELLS;14760.0;1
199100;;;ROSES;SEASHELLS;14758.0;2
199800;;;CHOCOLATE;SEASHELLS;8005.0;7
200200;;;CHOCOLATE;SEASHELLS;8009.0;6
200800;;;STRAWBERRIES;SEASHELLS;4005.0;4
201200;;;ROSES;SEASHELLS;14740.0;1
201200;;;STRAWBERRIES;SEASHELLS;4005.0;4
201700;;;ROSES;SEASHELLS;14742.0;4
202100;;;STRAWBERRIES;SEASHELLS;4004.0;11
202200;;;STRAWBERRIES;SEASHELLS;4005.0;5
202600;;;CHOCOLATE;SEASHELLS;8012.0;8
202700;;;ROSES;SEASHELLS;14748.0;4
202900;;;ROSES;SEASHELLS;14748.0;1
203000;;;CHOCOLATE;SEASHELLS;8014.0;8
203200;;;STRAWBERRIES;SEASHELLS;4004.0;8
203400;;;STRAWBERRIES;SEASHELLS;4004.0;9
203400;;;CHOCOLATE;SEASHELLS;8013.0;8
203800;;;STRAWBERRIES;SEASHELLS;4003.0;7
203800;;;STRAWBERRIES;SEASHELLS;4003.0;5
203900;;;STRAWBERRIES;SEASHELLS;4004.0;7
204300;;;CHOCOLATE;SEASHELLS;8015.0;8
204400;;;STRAWBERRIES;SEASHELLS;4004.0;4
204500;;;CHOCOLATE;SEASHELLS;8016.0;5
204800;;;ROSES;SEASHELLS;14737.0;5
205400;;;CHOCOLATE;SEASHELLS;8015.0;5
205400;;;STRAWBERRIES;SEASHELLS;4005.0;9
205700;;;ROSES;SEASHELLS;14757.0;4
205700;;;STRAWBERRIES;SEASHELLS;4005.0;6
205700;;;STRAWBERRIES;SEASHELLS;4003.0;8
206000;;;STRAWBERRIES;SEASHELLS;4004.0;6
206000;;;GIFT_BASKET;SEASHELLS;71256.0;9
206100;;;CHOCOLATE;SEASHELLS;8013.0;6
206500;;;GIFT_BASKET;SEASHELLS;71266.0;1
207000;;;CHOCOLATE;SEASHELLS;8009.0;8
207100;;;CHOCOLATE;SEASHELLS;8009.0;8
207200;;;GIFT_BASKET;SEASHELLS;71197.0;8
207600;;;ROSES;SEASHELLS;14737.0;4
207700;;;ROSES;SEASHELLS;14734.0;1
207800;;;GIFT_BASKET;SEASHELLS;71191.0;8
208000;;;STRAWBERRIES;SEASHELLS;4004.0;10
208100;;;GIFT_BASKET;SEASHELLS;71206.0;1
208100;;;CHOCOLATE;SEASHELLS;8006.0;5
208700;;;GIFT_BASKET;SEASHELLS;71192.0;2
208900;;;STRAWBERRIES;SEASHELLS;4003.0;9
208900;;;ROSES;SEASHELLS;14749.0;1
209200;;;STRAWBERRIES;SEASHELLS;4004.0;12
209200;;;CHOCOLATE;SEASHELLS;7999.0;6
209500;;;ROSES;SEASHELLS;14743.0;1
210800;;;GIFT_BASKET;SEASHELLS;71170.0;1
211800;;;STRAWBERRIES;SEASHELLS;4004.0;7
212100;;;CHOCOLATE;SEASHELLS;7996.0;10
212400;;;STRAWBERRIES;SEASHELLS;4006.0;4
212400;;;CHOCOLATE;SEASHELLS;7995.0;7
212500;;;CHOCOLATE;SEASHELLS;7996.0;7
213100;;;STRAWBERRIES;SEASHELLS;4007.0;10
213500;;;CHOCOLATE;SEASHELLS;7995.0;5
214000;;;STRAWBERRIES;SEASHELLS;4009.0;10
214000;;;ROSES;SEASHELLS;14769.0;3
214400;;;GIFT_BASKET;SEASHELLS;71226.0;1
214700;;;STRAWBERRIES;SEASHELLS;4008.0;10
214900;;;ROSES;SEASHELLS;14769.0;3
215700;;;ROSES;SEASHELLS;14779.0;5
216800;;;CHOCOLATE;SEASHELLS;7990.0;5
217100;;;STRAWBERRIES;SEASHELLS;4005.0;12
217400;;;CHOCOLATE;SEASHELLS;7991.0;7
217900;;;CHOCOLATE;SEASHELLS;7993.0;8
218100;;;STRAWBERRIES;SEASHELLS;4006.0;6
218900;;;STRAWBERRIES;SEASHELLS;4004.0;11
219400;;;STRAWBERRIES;SEASHELLS;4004.0;8
219500;;;ROSES;SEASHELLS;14749.0;4
220200;;;STRAWBERRIES;SEASHELLS;4002.0;6
220300;;;CHOCOLATE;SEASHELLS;7990.0;7
220600;;;CHOCOLATE;SEASHELLS;7990.0;5
220700;;;GIFT_BASKET;SEASHELLS;71085.0;5
220800;;;CHOCOLATE;SEASHELLS;7990.0;6
220900;;;STRAWBERRIES;SEASHELLS;4001.0;6
221000;;;STRAWBERRIES;SEASHELLS;4002.0;6
221100;;;GIFT_BASKET;SEASHELLS;71071.0;2
221600;;;STRAWBERRIES;SEASHELLS;3999.0;6
221800;;;CHOCOLATE;SEASHELLS;7992.0;8
222000;;;STRAWBERRIES;SEASHELLS;3999.0;4
222700;;;STRAWBERRIES;SEASHELLS;3999.0;8
222800;;;GIFT_BASKET;SEASHELLS;71097.0;5
223100;;;ROSES;SEASHELLS;14749.0;5
223300;;;STRAWBERRIES;SEASHELLS;4001.0;12
223400;;;ROSES;SEASHELLS;14741.0;4
223600;;;CHOCOLATE;SEASHELLS;7995.0;6
224000;;;STRAWBERRIES;SEASHELLS;4001.0;6
224200;;;ROSES;SEASHELLS;14733.0;4
224700;;;GIFT_BASKET;SEASHELLS;71118.0;2
224700;;;CHOCOLATE;SEASHELLS;7996.0;5
225000;;;GIFT_BASKET;SEASHELLS;71092.0;1
225000;;;CHOCOLATE;SEASHELLS;7994.0;9
225000;;;GIFT_BASKET;SEASHELLS;71091.0;6
225100;;;STRAWBERRIES;SEASHELLS;4003.0;8
225500;;;STRAWBERRIES;SEASHELLS;4002.0;5
225700;;;ROSES;SEASHELLS;14759.0;1
225700;;;STRAWBERRIES;SEASHELLS;4003.0;10
225900;;;ROSES;SEASHELLS;14755.0;1
226200;;;CHOCOLATE;SEASHELLS;7997.0;8
226500;;;ROSES;SEASHELLS;14748.0;2
226600;;;CHOCOLATE;SEASHELLS;7997.0;5
226800;;;GIFT_BASKET;SEASHELLS;71135.0;1
226800;;;ROSES;SEASHELLS;14760.0;2
226900;;;GIFT_BASKET;SEASHELLS;71120.0;7
226900;;;GIFT_BASKET;SEASHELLS;71120.0;1
227700;;;STRAWBERRIES;SEASHELLS;4000.0;4
227800;;;GIFT_BASKET;SEASHELLS;71095.0;1
228000;;;ROSES;SEASHELLS;14751.0;5
228100;;;STRAWBERRIES;SEASHELLS;3999.0;4
228500;;;CHOCOLATE;SEASHELLS;8002.0;6
228500;;;ROSES;SEASHELLS;14747.0;3
229700;;;GIFT_BASKET;SEASHELLS;71078.0;2
229800;;;STRAWBERRIES;SEASHELLS;4000.0;8
230200;;;STRAWBERRIES;SEASHELLS;3998.0;7
230400;;;STRAWBERRIES;SEASHELLS;3998.0;6
230900;;;STRAWBERRIES;SEASHELLS;3998.0;10
231400;;;STRAWBERRIES;SEASHELLS;3998.0;5
231900;;;CHOCOLATE;SEASHELLS;7995.0;8
232100;;;CHOCOLATE;SEASHELLS;7998.0;5
232100;;;ROSES;SEASHELLS;14734.0;4
232100;;;GIFT_BASKET;SEASHELLS;70995.0;1
232300;;;STRAWBERRIES;SEASHELLS;3996.0;6
232300;;;GIFT_BASKET;SEASHELLS;70982.0;3
232800;;;ROSES;SEASHELLS;14735.0;5
232900;;;CHOCOLATE;SEASHELLS;7992.0;8
233100;;;STRAWBERRIES;SEASHELLS;3995.0;10
233300;;;GIFT_BASKET;SEASHELLS;70961.0;1
233300;;;GIFT_BASKET;SEASHELLS;70962.0;1
233500;;;ROSES;SEASHELLS;14739.0;5
233700;;;STRAWBERRIES;SEASHELLS;3994.0;6
234400;;;GIFT_BASKET;SEASHELLS;70997.0;1
234500;;;ROSES;SEASHELLS;14752.0;2
235300;;;ROSES;SEASHELLS;14738.0;3
237000;;;ROSES;SEASHELLS;14743.0;5
238000;;;GIFT_BASKET;SEASHELLS;71005.0;1
238200;;;CHOCOLATE;SEASHELLS;7992.0;7
238200;;;GIFT_BASKET;SEASHELLS;70992.0;2
238700;;;ROSES;SEASHELLS;14747.0;4
238700;;;STRAWBERRIES;SEASHELLS;3998.0;8
238800;;;STRAWBERRIES;SEASHELLS;3997.0;12
239000;;;CHOCOLATE;SEASHELLS;7996.0;5
239100;;;STRAWBERRIES;SEASHELLS;3996.0;4
239200;;;CHOCOLATE;SEASHELLS;7994.0;10
239300;;;STRAWBERRIES;SEASHELLS;3997.0;9
240300;;;STRAWBERRIES;SEASHELLS;3997.0;9
240500;;;CHOCOLATE;SEASHELLS;7998.0;8
240600;;;STRAWBERRIES;SEASHELLS;3998.0;3
240700;;;STRAWBERRIES;SEASHELLS;3998.0;5
240700;;;STRAWBERRIES;SEASHELLS;3999.0;6
240800;;;ROSES;SEASHELLS;14731.0;2
240900;;;GIFT_BASKET;SEASHELLS;71014.0;1
240900;;;STRAWBERRIES;SEASHELLS;3998.0;11
241300;;;ROSES;SEASHELLS;14730.0;1
242100;;;ROSES;SEASHELLS;14737.0;1
242200;;;STRAWBERRIES;SEASHELLS;3998.0;4
242200;;;ROSES;SEASHELLS;14730.0;3
242600;;;ROSES;SEASHELLS;14732.0;3
244000;;;CHOCOLATE;SEASHELLS;7997.0;7
244000;;;GIFT_BASKET;SEASHELLS;70987.0;2
244100;;;ROSES;SEASHELLS;14747.0;4
244400;;;STRAWBERRIES;SEASHELLS;3997.0;8
244400;;;CHOCOLATE;SEASHELLS;7993.0;5
244700;;;STRAWBERRIES;SEASHELLS;3997.0;6
244900;;;ROSES;SEASHELLS;14740.0;5
245700;;;STRAWBERRIES;SEASHELLS;3998.0;9
245900;;;CHOCOLATE;SEASHELLS;7993.0;8
246600;;;STRAWBERRIES;SEASHELLS;3998.0;7
247000;;;ROSES;SEASHELLS;14733.0;2
247000;;;ROSES;SEASHELLS;14732.0;6
247400;;;ROSES;SEASHELLS;14729.0;4
247700;;;GIFT_BASKET;SEASHELLS;70968.0;6
247900;;;GIFT_BASKET;SEASHELLS;70979.0;2
248200;;;ROSES;SEASHELLS;14727.0;1
248400;;;ROSES;SEASHELLS;14727.0;6
248500;;;STRAWBERRIES;SEASHELLS;4001.0;10
248600;;;STRAWBERRIES;SEASHELLS;4000.0;7
248900;;;ROSES;SEASHELLS;14734.0;4
249300;;;STRAWBERRIES;SEASHELLS;4002.0;5
249400;;;CHOCOLATE;SEASHELLS;7986.0;5
249500;;;ROSES;SEASHELLS;14746.0;2
249600;;;STRAWBERRIES;SEASHELLS;4001.0;9
249600;;;ROSES;SEASHELLS;14747.0;1
250200;;;CHOCOLATE;SEASHELLS;7983.0;9
250300;;;STRAWBERRIES;SEASHELLS;4003.0;5
250300;;;ROSES;SEASHELLS;14745.0;2
250500;;;CHOCOLATE;SEASHELLS;7983.0;7
251000;;;STRAWBERRIES;SEASHELLS;4003.0;6
251400;;;STRAWBERRIES;SEASHELLS;4003.0;9
252500;;;ROSES;SEASHELLS;14742.0;3
252700;;;CHOCOLATE;SEASHELLS;7982.0;6
252800;;;STRAWBERRIES;SEASHELLS;4004.0;6
253100;;;CHOCOLATE;SEASHELLS;7987.0;5
253100;;;STRAWBERRIES;SEASHELLS;4003.0;6
253500;;;CHOCOLATE;SEASHELLS;7987.0;7
253700;;;GIFT_BASKET;SEASHELLS;70979.0;1
254100;;;STRAWBERRIES;SEASHELLS;4003.0;9
254100;;;ROSES;SEASHELLS;14736.0;3
254300;;;GIFT_BASKET;SEASHELLS;71003.0;9
255100;;;STRAWBERRIES;SEASHELLS;4002.0;9
255300;;;CHOCOLATE;SEASHELLS;7989.0;7
255500;;;GIFT_BASKET;SEASHELLS;71061.0;5
255700;;;STRAWBERRIES;SEASHELLS;4003.0;9
256300;;;ROSES;SEASHELLS;14728.0;1
256400;;;CHOCOLATE;SEASHELLS;7988.0;6
256600;;;GIFT_BASKET;SEASHELLS;71058.0;1
256700;;;STRAWBERRIES;SEASHELLS;4004.0;5
256900;;;CHOCOLATE;SEASHELLS;7987.0;7
257000;;;STRAWBERRIES;SEASHELLS;4004.0;6
257100;;;CHOCOLATE;SEASHELLS;7986.0;7
257200;;;CHOCOLATE;SEASHELLS;7984.0;5
257400;;;ROSES;SEASHELLS;14749.0;2
257500;;;CHOCOLATE;SEASHELLS;7988.0;5
257600;;;STRAWBERRIES;SEASHELLS;4004.0;10
257700;;;STRAWBERRIES;SEASHELLS;4004.0;5
258100;;;GIFT_BASKET;SEASHELLS;71024.0;1
258200;;;STRAWBERRIES;SEASHELLS;4002.0;10
258300;;;ROSES;SEASHELLS;14757.0;5
258900;;;STRAWBERRIES;SEASHELLS;4003.0;11
259400;;;CHOCOLATE;SEASHELLS;7990.0;5
259500;;;ROSES;SEASHELLS;14755.0;5
260700;;;GIFT_BASKET;SEASHELLS;71051.0;5
261000;;;STRAWBERRIES;SEASHELLS;4005.0;6
261000;;;GIFT_BASKET;SEASHELLS;71026.0;2
261200;;;STRAWBERRIES;SEASHELLS;4004.0;11
261400;;;STRAWBERRIES;SEASHELLS;4005.0;6
261800;;;ROSES;SEASHELLS;14752.0;1
262000;;;STRAWBERRIES;SEASHELLS;4003.0;9
262100;;;ROSES;SEASHELLS;14748.0;7
262100;;;ROSES;SEASHELLS;14748.0;1
262200;;;STRAWBERRIES;SEASHELLS;4005.0;4
262500;;;STRAWBERRIES;SEASHELLS;4004.0;8
262900;;;CHOCOLATE;SEASHELLS;7985.0;8
263000;;;ROSES;SEASHELLS;14741.0;4
263200;;;STRAWBERRIES;SEASHELLS;4004.0;9
263300;;;CHOCOLATE;SEASHELLS;7985.0;5
263300;;;ROSES;SEASHELLS;14749.0;2
263600;;;ROSES;SEASHELLS;14751.0;4
264100;;;CHOCOLATE;SEASHELLS;7981.0;10
264200;;;CHOCOLATE;SEASHELLS;7982.0;5
264400;;;STRAWBERRIES;SEASHELLS;4005.0;9
264400;;;ROSES;SEASHELLS;14763.0;5
264600;;;ROSES;SEASHELLS;14763.0;1
264800;;;ROSES;SEASHELLS;14763.0;3
265600;;;CHOCOLATE;SEASHELLS;7981.0;6
265700;;;ROSES;SEASHELLS;14775.0;3
266000;;;STRAWBERRIES;SEASHELLS;4005.0;10
266000;;;ROSES;SEASHELLS;14783.0;5
266100;;;GIFT_BASKET;SEASHELLS;71043.0;4
266100;;;GIFT_BASKET;SEASHELLS;71044.0;1
266200;;;GIFT_BASKET;SEASHELLS;71058.0;2
266400;;;CHOCOLATE;SEASHELLS;7986.0;6
266500;;;STRAWBERRIES;SEASHELLS;4003.0;4
266800;;;ROSES;SEASHELLS;14791.0;3
267000;;;CHOCOLATE;SEASHELLS;7986.0;5
267300;;;ROSES;SEASHELLS;14784.0;3
267800;;;CHOCOLATE;SEASHELLS;7992.0;7
267900;;;ROSES;SEASHELLS;14797.0;4
268100;;;CHOCOLATE;SEASHELLS;7991.0;5
268100;;;STRAWBERRIES;SEASHELLS;4003.0;12
268200;;;CHOCOLATE;SEASHELLS;7989.0;7
268500;;;STRAWBERRIES;SEASHELLS;4003.0;7
268500;;;CHOCOLATE;SEASHELLS;7989.0;7
268900;;;ROSES;SEASHELLS;14776.0;4
269100;;;CHOCOLATE;SEASHELLS;7991.0;7
269300;;;STRAWBERRIES;SEASHELLS;4002.0;5
269800;;;ROSES;SEASHELLS;14786.0;5
270000;;;ROSES;SEASHELLS;14784.0;4
270200;;;CHOCOLATE;SEASHELLS;7995.0;6
270400;;;ROSES;SEASHELLS;14779.0;3
270800;;;CHOCOLATE;SEASHELLS;7994.0;7
270900;;;ROSES;SEASHELLS;14778.0;2
271000;;;CHOCOLATE;SEASHELLS;7996.0;6
271100;;;CHOCOLATE;SEASHELLS;7997.0;6
271400;;;CHOCOLATE;SEASHELLS;7999.0;6
271600;;;ROSES;SEASHELLS;14780.0;4
271600;;;CHOCOLATE;SEASHELLS;8000.0;6
271800;;;CHOCOLATE;SEASHELLS;7998.0;8
272100;;;GIFT_BASKET;SEASHELLS;71019.0;6
272100;;;GIFT_BASKET;SEASHELLS;71020.0;1
272900;;;STRAWBERRIES;SEASHELLS;3998.0;6
273000;;;CHOCOLATE;SEASHELLS;7994.0;7
273400;;;CHOCOLATE;SEASHELLS;7992.0;8
273800;;;ROSES;SEASHELLS;14761.0;3
273900;;;STRAWBERRIES;SEASHELLS;3998.0;9
274400;;;STRAWBERRIES;SEASHELLS;3998.0;8
274800;;;ROSES;SEASHELLS;14758.0;2
275300;;;STRAWBERRIES;SEASHELLS;3999.0;9
275300;;;CHOCOLATE;SEASHELLS;7987.0;6
275400;;;ROSES;SEASHELLS;14757.0;3
275700;;;ROSES;SEASHELLS;14747.0;4
275900;;;CHOCOLATE;SEASHELLS;7985.0;7
275900;;;ROSES;SEASHELLS;14746.0;1
276300;;;ROSES;SEASHELLS;14738.0;5
276400;;;ROSES;SEASHELLS;14737.0;3
276500;;;STRAWBERRIES;SEASHELLS;3999.0;10
276600;;;STRAWBERRIES;SEASHELLS;4000.0;10
276900;;;ROSES;SEASHELLS;14741.0;3
277400;;;ROSES;SEASHELLS;14748.0;1
277400;;;CHOCOLATE;SEASHELLS;7987.0;6
278100;;;ROSES;SEASHELLS;14753.0;4
278200;;;CHOCOLATE;SEASHELLS;7991.0;7
278400;;;CHOCOLATE;SEASHELLS;7989.0;7
278500;;;STRAWBERRIES;SEASHELLS;4000.0;4
279000;;;STRAWBERRIES;SEASHELLS;3999.0;10
279200;;;STRAWBERRIES;SEASHELLS;3998.0;4
279600;;;STRAWBERRIES;SEASHELLS;3997.0;9
279700;;;GIFT_BASKET;SEASHELLS;70929.0;2
281000;;;ROSES;SEASHELLS;14762.0;2
281200;;;STRAWBERRIES;SEASHELLS;3995.0;11
281400;;;ROSES;SEASHELLS;14748.0;2
281700;;;GIFT_BASKET;SEASHELLS;70850.0;2
281700;;;ROSES;SEASHELLS;14747.0;5
281700;;;CHOCOLATE;SEASHELLS;7989.0;5
281900;;;ROSES;SEASHELLS;14746.0;4
282200;;;ROSES;SEASHELLS;14750.0;2
282400;;;STRAWBERRIES;SEASHELLS;3996.0;8
282600;;;STRAWBERRIES;SEASHELLS;3994.0;6
282700;;;CHOCOLATE;SEASHELLS;7993.0;7
283300;;;ROSES;SEASHELLS;14734.0;1
283600;;;STRAWBERRIES;SEASHELLS;3996.0;5
283800;;;STRAWBERRIES;SEASHELLS;3996.0;8
284900;;;STRAWBERRIES;SEASHELLS;3994.0;4
285200;;;STRAWBERRIES;SEASHELLS;3994.0;11
285500;;;ROSES;SEASHELLS;14733.0;4
285700;;;ROSES;SEASHELLS;14731.0;1
285700;;;CHOCOLATE;SEASHELLS;8000.0;6
285800;;;ROSES;SEASHELLS;14737.0;2
286700;;;CHOCOLATE;SEASHELLS;7994.0;5
287800;;;CHOCOLATE;SEASHELLS;7997.0;7
288100;;;ROSES;SEASHELLS;14740.0;3
288400;;;GIFT_BASKET;SEASHELLS;70910.0;2
288500;;;STRAWBERRIES;SEASHELLS;3992.0;7
288600;;;GIFT_BASKET;SEASHELLS;70909.0;6
288700;;;ROSES;SEASHELLS;14739.0;1
288800;;;STRAWBERRIES;SEASHELLS;3994.0;5
288900;;;CHOCOLATE;SEASHELLS;7998.0;5
289100;;;GIFT_BASKET;SEASHELLS;70895.0;4
289200;;;CHOCOLATE;SEASHELLS;7998.0;7
289700;;;ROSES;SEASHELLS;14732.0;3
289800;;;ROSES;SEASHELLS;14723.0;5
290000;;;GIFT_BASKET;SEASHELLS;70871.0;7
290000;;;GIFT_BASKET;SEASHELLS;70871.0;1
291500;;;ROSES;SEASHELLS;14725.0;5
291700;;;STRAWBERRIES;SEASHELLS;3988.0;12
292100;;;ROSES;SEASHELLS;14722.0;2
292500;;;ROSES;SEASHELLS;14727.0;3
292500;;;GIFT_BASKET;SEASHELLS;70869.0;1
292500;;;GIFT_BASKET;SEASHELLS;70869.0;5
293000;;;CHOCOLATE;SEASHELLS;7995.0;5
293500;;;STRAWBERRIES;SEASHELLS;3987.0;8
293600;;;ROSES;SEASHELLS;14735.0;3
294000;;;STRAWBERRIES;SEASHELLS;3989.0;5
294100;;;STRAWBERRIES;SEASHELLS;3989.0;7
294300;;;ROSES;SEASHELLS;14741.0;2
294400;;;STRAWBERRIES;SEASHELLS;3989.0;10
294600;;;GIFT_BASKET;SEASHELLS;70906.0;1
295000;;;STRAWBERRIES;SEASHELLS;3988.0;3
295000;;;STRAWBERRIES;SEASHELLS;3989.0;6
295200;;;ROSES;SEASHELLS;14731.0;1
295400;;;ROSES;SEASHELLS;14733.0;2
295800;;;STRAWBERRIES;SEASHELLS;3989.0;9
295800;;;CHOCOLATE;SEASHELLS;7992.0;8
295800;;;ROSES;SEASHELLS;14723.0;4
295900;;;ROSES;SEASHELLS;14724.0;1
295900;;;STRAWBERRIES;SEASHELLS;3987.0;9
296000;;;STRAWBERRIES;SEASHELLS;3988.0;12
296300;;;ROSES;SEASHELLS;14732.0;4
296500;;;CHOCOLATE;SEASHELLS;7996.0;7
296600;;;ROSES;SEASHELLS;14733.0;2
297500;;;CHOCOLATE;SEASHELLS;8000.0;7
297500;;;STRAWBERRIES;SEASHELLS;3987.0;8
297900;;;STRAWBERRIES;SEASHELLS;3987.0;5
298100;;;CHOCOLATE;SEASHELLS;8004.0;6
298800;;;CHOCOLATE;SEASHELLS;8004.0;5
299300;;;STRAWBERRIES;SEASHELLS;3985.0;7
299400;;;GIFT_BASKET;SEASHELLS;70915.0;1
300400;;;ROSES;SEASHELLS;14703.0;1
300500;;;CHOCOLATE;SEASHELLS;8009.0;8
300600;;;ROSES;SEASHELLS;14704.0;6
301000;;;CHOCOLATE;SEASHELLS;8012.0;7
301600;;;GIFT_BASKET;SEASHELLS;70901.0;7
301600;;;CHOCOLATE;SEASHELLS;8016.0;9
302100;;;ROSES;SEASHELLS;14696.0;2
302200;;;GIFT_BASKET;SEASHELLS;70886.0;1
302300;;;STRAWBERRIES;SEASHELLS;3985.0;6
303000;;;CHOCOLATE;SEASHELLS;8017.0;6
303000;;;STRAWBERRIES;SEASHELLS;3985.0;10
303000;;;STRAWBERRIES;SEASHELLS;3985.0;9
303000;;;GIFT_BASKET;SEASHELLS;70934.0;1
303200;;;STRAWBERRIES;SEASHELLS;3986.0;7
303400;;;CHOCOLATE;SEASHELLS;8014.0;7
303700;;;STRAWBERRIES;SEASHELLS;3986.0;7
303800;;;ROSES;SEASHELLS;14707.0;3
304300;;;ROSES;SEASHELLS;14701.0;4
304300;;;ROSES;SEASHELLS;14702.0;2
304400;;;ROSES;SEASHELLS;14699.0;2
304400;;;STRAWBERRIES;SEASHELLS;3984.0;5
304800;;;CHOCOLATE;SEASHELLS;8011.0;8
305000;;;STRAWBERRIES;SEASHELLS;3984.0;8
305500;;;STRAWBERRIES;SEASHELLS;3984.0;8
305700;;;STRAWBERRIES;SEASHELLS;3985.0;6
306200;;;CHOCOLATE;SEASHELLS;8012.0;6
306500;;;STRAWBERRIES;SEASHELLS;3988.0;5
307000;;;CHOCOLATE;SEASHELLS;8013.0;5
307200;;;GIFT_BASKET;SEASHELLS;70930.0;5
307300;;;ROSES;SEASHELLS;14720.0;5
308100;;;ROSES;SEASHELLS;14712.0;3
308700;;;CHOCOLATE;SEASHELLS;8023.0;7
309600;;;STRAWBERRIES;SEASHELLS;3988.0;7
309700;;;CHOCOLATE;SEASHELLS;8018.0;7
309900;;;STRAWBERRIES;SEASHELLS;3987.0;8
310300;;;ROSES;SEASHELLS;14728.0;5
310500;;;ROSES;SEASHELLS;14727.0;3
310700;;;ROSES;SEASHELLS;14731.0;2
311000;;;ROSES;SEASHELLS;14735.0;2
311100;;;CHOCOLATE;SEASHELLS;8018.0;8
311200;;;CHOCOLATE;SEASHELLS;8017.0;6
311400;;;GIFT_BASKET;SEASHELLS;70974.0;1
311400;;;CHOCOLATE;SEASHELLS;8017.0;5
311400;;;GIFT_BASKET;SEASHELLS;70973.0;3
312100;;;ROSES;SEASHELLS;14737.0;4
312200;;;CHOCOLATE;SEASHELLS;8018.0;5
312300;;;ROSES;SEASHELLS;14736.0;2
312400;;;ROSES;SEASHELLS;14732.0;5
312700;;;GIFT_BASKET;SEASHELLS;70987.0;5
312700;;;GIFT_BASKET;SEASHELLS;70982.0;1
312800;;;CHOCOLATE;SEASHELLS;8016.0;5
313500;;;STRAWBERRIES;SEASHELLS;3989.0;7
313700;;;CHOCOLATE;SEASHELLS;8013.0;5
314300;;;CHOCOLATE;SEASHELLS;8017.0;6
314500;;;ROSES;SEASHELLS;14739.0;2
314900;;;ROSES;SEASHELLS;14741.0;4
315200;;;STRAWBERRIES;SEASHELLS;3992.0;5
315300;;;CHOCOLATE;SEASHELLS;8023.0;6
315800;;;CHOCOLATE;SEASHELLS;8022.0;8
315900;;;CHOCOLATE;SEASHELLS;8023.0;9
316000;;;STRAWBERRIES;SEASHELLS;3993.0;4
316100;;;ROSES;SEASHELLS;14751.0;4
316200;;;STRAWBERRIES;SEASHELLS;3993.0;8
316600;;;GIFT_BASKET;SEASHELLS;71118.0;2
316600;;;STRAWBERRIES;SEASHELLS;3993.0;4
316900;;;STRAWBERRIES;SEASHELLS;3992.0;6
317200;;;STRAWBERRIES;SEASHELLS;3994.0;10
317300;;;ROSES;SEASHELLS;14756.0;3
317500;;;STRAWBERRIES;SEASHELLS;3992.0;5
317600;;;CHOCOLATE;SEASHELLS;8029.0;8
317800;;;GIFT_BASKET;SEASHELLS;71141.0;1
317800;;;GIFT_BASKET;SEASHELLS;71142.0;1
317900;;;CHOCOLATE;SEASHELLS;8029.0;6
318100;;;STRAWBERRIES;SEASHELLS;3992.0;8
318200;;;GIFT_BASKET;SEASHELLS;71152.0;6
318300;;;ROSES;SEASHELLS;14757.0;2
318400;;;STRAWBERRIES;SEASHELLS;3993.0;5
318400;;;CHOCOLATE;SEASHELLS;8028.0;5
318400;;;STRAWBERRIES;SEASHELLS;3994.0;6
318500;;;STRAWBERRIES;SEASHELLS;3993.0;9
319100;;;CHOCOLATE;SEASHELLS;8024.0;9
319200;;;ROSES;SEASHELLS;14774.0;3
319200;;;STRAWBERRIES;SEASHELLS;3996.0;10
320000;;;STRAWBERRIES;SEASHELLS;3996.0;5
320100;;;CHOCOLATE;SEASHELLS;8020.0;6
320100;;;GIFT_BASKET;SEASHELLS;71161.0;1
320200;;;STRAWBERRIES;SEASHELLS;3996.0;4
320300;;;CHOCOLATE;SEASHELLS;8021.0;5
320300;;;STRAWBERRIES;SEASHELLS;3996.0;7
320500;;;CHOCOLATE;SEASHELLS;8022.0;7
320600;;;CHOCOLATE;SEASHELLS;8023.0;8
320800;;;ROSES;SEASHELLS;14792.0;2
321500;;;CHOCOLATE;SEASHELLS;8020.0;8
321700;;;ROSES;SEASHELLS;14810.0;2
322200;;;ROSES;SEASHELLS;14811.0;5
322500;;;CHOCOLATE;SEASHELLS;8023.0;8
323000;;;CHOCOLATE;SEASHELLS;8028.0;6
323200;;;STRAWBERRIES;SEASHELLS;4001.0;8
323700;;;ROSES;SEASHELLS;14806.0;1
323800;;;ROSES;SEASHELLS;14805.0;2
324600;;;STRAWBERRIES;SEASHELLS;4000.0;7
324700;;;CHOCOLATE;SEASHELLS;8026.0;8
324900;;;GIFT_BASKET;SEASHELLS;71311.0;1
324900;;;GIFT_BASKET;SEASHELLS;71311.0;2
325200;;;STRAWBERRIES;SEASHELLS;4001.0;5
325700;;;STRAWBERRIES;SEASHELLS;4000.0;9
325700;;;ROSES;SEASHELLS;14799.0;3
326200;;;STRAWBERRIES;SEASHELLS;3999.0;9
326200;;;CHOCOLATE;SEASHELLS;8016.0;10
326300;;;ROSES;SEASHELLS;14792.0;5
326400;;;STRAWBERRIES;SEASHELLS;3999.0;10
326500;;;STRAWBERRIES;SEASHELLS;4000.0;8
326500;;;ROSES;SEASHELLS;14791.0;3
326900;;;ROSES;SEASHELLS;14791.0;3
327000;;;GIFT_BASKET;SEASHELLS;71280.0;5
327000;;;STRAWBERRIES;SEASHELLS;4000.0;11
327100;;;CHOCOLATE;SEASHELLS;8020.0;7
327200;;;ROSES;SEASHELLS;14799.0;4
327400;;;STRAWBERRIES;SEASHELLS;3999.0;4
327800;;;STRAWBERRIES;SEASHELLS;3998.0;6
327900;;;CHOCOLATE;SEASHELLS;8022.0;6
328400;;;STRAWBERRIES;SEASHELLS;4001.0;9
328500;;;STRAWBERRIES;SEASHELLS;4001.0;10
328600;;;ROSES;SEASHELLS;14793.0;9
328600;;;CHOCOLATE;SEASHELLS;8024.0;7
328700;;;ROSES;SEASHELLS;14792.0;4
328900;;;CHOCOLATE;SEASHELLS;8022.0;8
329700;;;STRAWBERRIES;SEASHELLS;4002.0;7
329800;;;ROSES;SEASHELLS;14796.0;4
330100;;;STRAWBERRIES;SEASHELLS;4000.0;10
330600;;;ROSES;SEASHELLS;14788.0;4
330800;;;ROSES;SEASHELLS;14782.0;3
331100;;;ROSES;SEASHELLS;14779.0;3
331300;;;CHOCOLATE;SEASHELLS;8024.0;8
331300;;;ROSES;SEASHELLS;14784.0;1
331600;;;CHOCOLATE;SEASHELLS;8028.0;7
332300;;;STRAWBERRIES;SEASHELLS;4005.0;12
332800;;;GIFT_BASKET;SEASHELLS;71321.0;2
332900;;;GIFT_BASKET;SEASHELLS;71313.0;1
332900;;;CHOCOLATE;SEASHELLS;8020.0;6
332900;;;GIFT_BASKET;SEASHELLS;71312.0;3
333000;;;STRAWBERRIES;SEASHELLS;4006.0;9
333000;;;ROSES;SEASHELLS;14780.0;3
333700;;;CHOCOLATE;SEASHELLS;8020.0;7
333700;;;STRAWBERRIES;SEASHELLS;4005.0;8
334000;;;CHOCOLATE;SEASHELLS;8018.0;6
334100;;;STRAWBERRIES;SEASHELLS;4006.0;4
334400;;;CHOCOLATE;SEASHELLS;8022.0;7
334500;;;ROSES;SEASHELLS;14778.0;2
334600;;;CHOCOLATE;SEASHELLS;8021.0;8
334900;;;STRAWBERRIES;SEASHELLS;4005.0;7
335400;;;ROSES;SEASHELLS;14779.0;7
335400;;;ROSES;SEASHELLS;14781.0;5
336000;;;ROSES;SEASHELLS;14781.0;6
336100;;;CHOCOLATE;SEASHELLS;8020.0;7
336300;;;GIFT_BASKET;SEASHELLS;71314.0;2
336700;;;STRAWBERRIES;SEASHELLS;4007.0;8
338100;;;CHOCOLATE;SEASHELLS;8018.0;8
338200;;;GIFT_BASKET;SEASHELLS;71275.0;2
338800;;;CHOCOLATE;SEASHELLS;8018.0;6
338900;;;GIFT_BASKET;SEASHELLS;71257.0;2
339100;;;GIFT_BASKET;SEASHELLS;71251.0;2
339300;;;STRAWBERRIES;SEASHELLS;4011.0;4
339500;;;ROSES;SEASHELLS;14799.0;1
339500;;;STRAWBERRIES;SEASHELLS;4009.0;5
339700;;;CHOCOLATE;SEASHELLS;8022.0;5
339700;;;GIFT_BASKET;SEASHELLS;71290.0;7
339700;;;STRAWBERRIES;SEASHELLS;4011.0;9
340000;;;CHOCOLATE;SEASHELLS;8022.0;4
340100;;;ROSES;SEASHELLS;14785.0;5
340400;;;CHOCOLATE;SEASHELLS;8021.0;7
341000;;;STRAWBERRIES;SEASHELLS;4010.0;6
341400;;;STRAWBERRIES;SEASHELLS;4011.0;8
341800;;;CHOCOLATE;SEASHELLS;8019.0;8
342000;;;STRAWBERRIES;SEASHELLS;4011.0;7
342000;;;ROSES;SEASHELLS;14788.0;5
342300;;;STRAWBERRIES;SEASHELLS;4011.0;6
342400;;;CHOCOLATE;SEASHELLS;8019.0;6
342900;;;STRAWBERRIES;SEASHELLS;4012.0;6
343300;;;ROSES;SEASHELLS;14781.0;5
343900;;;STRAWBERRIES;SEASHELLS;4013.0;4
344700;;;CHOCOLATE;SEASHELLS;8010.0;7
344800;;;CHOCOLATE;SEASHELLS;8009.0;7
345200;;;GIFT_BASKET;SEASHELLS;71250.0;3
345200;;;GIFT_BASKET;SEASHELLS;71250.0;2
345700;;;CHOCOLATE;SEASHELLS;8009.0;5
345800;;;CHOCOLATE;SEASHELLS;8008.0;8
346100;;;ROSES;SEASHELLS;14775.0;5
346200;;;CHOCOLATE;SEASHELLS;8004.0;5
346200;;;STRAWBERRIES;SEASHELLS;4012.0;7
346300;;;ROSES;SEASHELLS;14779.0;3
346600;;;ROSES;SEASHELLS;14780.0;3
346800;;;STRAWBERRIES;SEASHELLS;4010.0;5
346900;;;STRAWBERRIES;SEASHELLS;4012.0;4
347000;;;ROSES;SEASHELLS;14794.0;3
347300;;;STRAWBERRIES;SEASHELLS;4009.0;9
347400;;;STRAWBERRIES;SEASHELLS;4011.0;5
347600;;;STRAWBERRIES;SEASHELLS;4009.0;4
347900;;;ROSES;SEASHELLS;14791.0;5
347900;;;STRAWBERRIES;SEASHELLS;4009.0;6
348100;;;CHOCOLATE;SEASHELLS;8011.0;5
348700;;;ROSES;SEASHELLS;14788.0;5
349000;;;GIFT_BASKET;SEASHELLS;71308.0;6
349300;;;ROSES;SEASHELLS;14780.0;3
349400;;;STRAWBERRIES;SEASHELLS;4011.0;4
349900;;;STRAWBERRIES;SEASHELLS;4012.0;7
350100;;;CHOCOLATE;SEASHELLS;8011.0;8
350100;;;ROSES;SEASHELLS;14779.0;5
350300;;;CHOCOLATE;SEASHELLS;8010.0;5
350400;;;STRAWBERRIES;SEASHELLS;4010.0;6
351400;;;STRAWBERRIES;SEASHELLS;4012.0;6
352000;;;STRAWBERRIES;SEASHELLS;4013.0;8
352200;;;STRAWBERRIES;SEASHELLS;4014.0;10
352900;;;STRAWBERRIES;SEASHELLS;4013.0;10
352900;;;STRAWBERRIES;SEASHELLS;4013.0;5
353800;;;GIFT_BASKET;SEASHELLS;71239.0;3
353800;;;GIFT_BASKET;SEASHELLS;71239.0;2
354000;;;STRAWBERRIES;SEASHELLS;4013.0;4
354900;;;STRAWBERRIES;SEASHELLS;4013.0;11
355000;;;STRAWBERRIES;SEASHELLS;4014.0;9
355000;;;ROSES;SEASHELLS;14749.0;1
355400;;;STRAWBERRIES;SEASHELLS;4013.0;5
355500;;;STRAWBERRIES;SEASHELLS;4015.0;5
356100;;;STRAWBERRIES;SEASHELLS;4014.0;10
356200;;;GIFT_BASKET;SEASHELLS;71166.0;2
357200;;;CHOCOLATE;SEASHELLS;8003.0;8
357300;;;ROSES;SEASHELLS;14748.0;9
357400;;;ROSES;SEASHELLS;14749.0;5
357400;;;CHOCOLATE;SEASHELLS;8002.0;7
357900;;;GIFT_BASKET;SEASHELLS;71191.0;2
357900;;;ROSES;SEASHELLS;14751.0;2
358600;;;GIFT_BASKET;SEASHELLS;71168.0;3
358600;;;GIFT_BASKET;SEASHELLS;71168.0;2
358600;;;STRAWBERRIES;SEASHELLS;4015.0;4
359000;;;STRAWBERRIES;SEASHELLS;4015.0;6
359300;;;CHOCOLATE;SEASHELLS;7999.0;7
359300;;;GIFT_BASKET;SEASHELLS;71165.0;4
359300;;;ROSES;SEASHELLS;14750.0;4
359300;;;GIFT_BASKET;SEASHELLS;71159.0;1
359600;;;ROSES;SEASHELLS;14759.0;4
359900;;;CHOCOLATE;SEASHELLS;8002.0;8
360000;;;CHOCOLATE;SEASHELLS;8003.0;7
360400;;;ROSES;SEASHELLS;14759.0;3
360500;;;GIFT_BASKET;SEASHELLS;71177.0;3
360500;;;CHOCOLATE;SEASHELLS;8006.0;7
360500;;;GIFT_BASKET;SEASHELLS;71177.0;1
360600;;;ROSES;SEASHELLS;14753.0;4
361100;;;STRAWBERRIES;SEASHELLS;4017.0;5
361400;;;STRAWBERRIES;SEASHELLS;4017.0;6
361500;;;STRAWBERRIES;SEASHELLS;4019.0;10
361600;;;ROSES;SEASHELLS;14742.0;2
361700;;;ROSES;SEASHELLS;14733.0;3
361800;;;ROSES;SEASHELLS;14734.0;2
361800;;;STRAWBERRIES;SEASHELLS;4017.0;6
361900;;;ROSES;SEASHELLS;14729.0;1
361900;;;CHOCOLATE;SEASHELLS;8006.0;8
362000;;;ROSES;SEASHELLS;14727.0;2
362200;;;STRAWBERRIES;SEASHELLS;4017.0;11
362500;;;CHOCOLATE;SEASHELLS;8006.0;7
362700;;;STRAWBERRIES;SEASHELLS;4017.0;7
363400;;;GIFT_BASKET;SEASHELLS;71160.0;1
363400;;;GIFT_BASKET;SEASHELLS;71160.0;3
363500;;;STRAWBERRIES;SEASHELLS;4017.0;4
364600;;;GIFT_BASKET;SEASHELLS;71175.0;2
364600;;;CHOCOLATE;SEASHELLS;8008.0;7
364800;;;STRAWBERRIES;SEASHELLS;4015.0;5
365000;;;STRAWBERRIES;SEASHELLS;4015.0;8
365700;;;GIFT_BASKET;SEASHELLS;71169.0;4
365900;;;CHOCOLATE;SEASHELLS;8012.0;7
366100;;;CHOCOLATE;SEASHELLS;8011.0;5
366600;;;STRAWBERRIES;SEASHELLS;4016.0;9
366900;;;STRAWBERRIES;SEASHELLS;4016.0;8
367400;;;CHOCOLATE;SEASHELLS;8018.0;6
368200;;;CHOCOLATE;SEASHELLS;8022.0;5
368500;;;ROSES;SEASHELLS;14754.0;4
368600;;;CHOCOLATE;SEASHELLS;8024.0;7
368700;;;ROSES;SEASHELLS;14752.0;2
369000;;;GIFT_BASKET;SEASHELLS;71255.0;1
369000;;;GIFT_BASKET;SEASHELLS;71250.0;1
369300;;;ROSES;SEASHELLS;14748.0;3
369800;;;STRAWBERRIES;SEASHELLS;4016.0;8
370000;;;STRAWBERRIES;SEASHELLS;4018.0;7
370100;;;ROSES;SEASHELLS;14748.0;4
370200;;;STRAWBERRIES;SEASHELLS;4019.0;7
370300;;;STRAWBERRIES;SEASHELLS;4018.0;7
371100;;;STRAWBERRIES;SEASHELLS;4018.0;12
371300;;;GIFT_BASKET;SEASHELLS;71324.0;1
371400;;;ROSES;SEASHELLS;14762.0;5
371600;;;ROSES;SEASHELLS;14773.0;4
372000;;;ROSES;SEASHELLS;14778.0;4
372100;;;ROSES;SEASHELLS;14777.0;5
372200;;;STRAWBERRIES;SEASHELLS;4020.0;8
372300;;;ROSES;SEASHELLS;14776.0;4
372400;;;ROSES;SEASHELLS;14773.0;3
373400;;;STRAWBERRIES;SEASHELLS;4018.0;4
373600;;;CHOCOLATE;SEASHELLS;8029.0;8
373800;;;STRAWBERRIES;SEASHELLS;4017.0;9
374200;;;GIFT_BASKET;SEASHELLS;71342.0;1
374200;;;GIFT_BASKET;SEASHELLS;71341.0;4
374400;;;STRAWBERRIES;SEASHELLS;4016.0;3
374500;;;STRAWBERRIES;SEASHELLS;4016.0;5
374700;;;STRAWBERRIES;SEASHELLS;4016.0;5
374800;;;CHOCOLATE;SEASHELLS;8028.0;4
374800;;;ROSES;SEASHELLS;14761.0;4
375000;;;STRAWBERRIES;SEASHELLS;4016.0;10
375100;;;GIFT_BASKET;SEASHELLS;71331.0;5
375100;;;CHOCOLATE;SEASHELLS;8029.0;5
375400;;;STRAWBERRIES;SEASHELLS;4017.0;8
375600;;;STRAWBERRIES;SEASHELLS;4019.0;7
375600;;;ROSES;SEASHELLS;14751.0;5
376000;;;STRAWBERRIES;SEASHELLS;4017.0;8
376100;;;CHOCOLATE;SEASHELLS;8033.0;8
376700;;;ROSES;SEASHELLS;14746.0;2
376700;;;ROSES;SEASHELLS;14745.0;6
376800;;;STRAWBERRIES;SEASHELLS;4016.0;7
376800;;;ROSES;SEASHELLS;14743.0;1
376900;;;ROSES;SEASHELLS;14742.0;3
377500;;;CHOCOLATE;SEASHELLS;8021.0;7
377700;;;STRAWBERRIES;SEASHELLS;4016.0;7
377900;;;STRAWBERRIES;SEASHELLS;4016.0;5
378000;;;ROSES;SEASHELLS;14737.0;5
378200;;;STRAWBERRIES;SEASHELLS;4016.0;7
378300;;;CHOCOLATE;SEASHELLS;8021.0;7
378500;;;CHOCOLATE;SEASHELLS;8020.0;7
378600;;;STRAWBERRIES;SEASHELLS;4015.0;4
379100;;;GIFT_BASKET;SEASHELLS;71186.0;1
380300;;;ROSES;SEASHELLS;14737.0;2
381300;;;STRAWBERRIES;SEASHELLS;4016.0;4
381900;;;ROSES;SEASHELLS;14737.0;4
382000;;;ROSES;SEASHELLS;14740.0;4
382100;;;CHOCOLATE;SEASHELLS;8019.0;8
382300;;;STRAWBERRIES;SEASHELLS;4014.0;4
382400;;;STRAWBERRIES;SEASHELLS;4015.0;9
382700;;;ROSES;SEASHELLS;14735.0;8
382900;;;STRAWBERRIES;SEASHELLS;4014.0;6
383900;;;CHOCOLATE;SEASHELLS;8022.0;5
384200;;;GIFT_BASKET;SEASHELLS;71259.0;10
384300;;;ROSES;SEASHELLS;14752.0;4
384400;;;STRAWBERRIES;SEASHELLS;4016.0;6
385100;;;STRAWBERRIES;SEASHELLS;4015.0;3
385200;;;STRAWBERRIES;SEASHELLS;4015.0;4
385500;;;CHOCOLATE;SEASHELLS;8024.0;9
385700;;;CHOCOLATE;SEASHELLS;8024.0;8
385800;;;CHOCOLATE;SEASHELLS;8022.0;7
385900;;;STRAWBERRIES;SEASHELLS;4016.0;12
386800;;;ROSES;SEASHELLS;14743.0;1
387000;;;GIFT_BASKET;SEASHELLS;71237.0;2
387000;;;GIFT_BASKET;SEASHELLS;71236.0;4
387400;;;ROSES;SEASHELLS;14753.0;4
387500;;;ROSES;SEASHELLS;14751.0;3
387600;;;CHOCOLATE;SEASHELLS;8015.0;5
387900;;;STRAWBERRIES;SEASHELLS;4015.0;8
387900;;;CHOCOLATE;SEASHELLS;8016.0;7
388300;;;STRAWBERRIES;SEASHELLS;4014.0;10
389200;;;CHOCOLATE;SEASHELLS;8019.0;7
389400;;;STRAWBERRIES;SEASHELLS;4014.0;5
389900;;;ROSES;SEASHELLS;14758.0;2
390000;;;CHOCOLATE;SEASHELLS;8020.0;7
390200;;;CHOCOLATE;SEASHELLS;8018.0;6
390700;;;STRAWBERRIES;SEASHELLS;4017.0;9
390800;;;ROSES;SEASHELLS;14758.0;1
391100;;;STRAWBERRIES;SEASHELLS;4018.0;4
391300;;;GIFT_BASKET;SEASHELLS;71276.0;8
391300;;;STRAWBERRIES;SEASHELLS;4018.0;9
391300;;;STRAWBERRIES;SEASHELLS;4017.0;3
391400;;;ROSES;SEASHELLS;14756.0;1
391700;;;GIFT_BASKET;SEASHELLS;71266.0;2
392400;;;STRAWBERRIES;SEASHELLS;4016.0;3
392800;;;ROSES;SEASHELLS;14754.0;1
392900;;;ROSES;SEASHELLS;14756.0;2
393300;;;CHOCOLATE;SEASHELLS;8022.0;8
394500;;;STRAWBERRIES;SEASHELLS;4017.0;8
394500;;;ROSES;SEASHELLS;14752.0;2
394600;;;STRAWBERRIES;SEASHELLS;4016.0;6
395100;;;STRAWBERRIES;SEASHELLS;4015.0;7
395200;;;ROSES;SEASHELLS;14754.0;2
395300;;;CHOCOLATE;SEASHELLS;8020.0;8
395500;;;CHOCOLATE;SEASHELLS;8018.0;8
395600;;;STRAWBERRIES;SEASHELLS;4016.0;10
396500;;;ROSES;SEASHELLS;14744.0;5
396600;;;ROSES;SEASHELLS;14746.0;3
396600;;;CHOCOLATE;SEASHELLS;8019.0;7
396700;;;ROSES;SEASHELLS;14749.0;3
396700;;;GIFT_BASKET;SEASHELLS;71200.0;4
396800;;;STRAWBERRIES;SEASHELLS;4015.0;8
396900;;;STRAWBERRIES;SEASHELLS;4014.0;11
397000;;;STRAWBERRIES;SEASHELLS;4014.0;7
397000;;;ROSES;SEASHELLS;14746.0;2
397500;;;STRAWBERRIES;SEASHELLS;4016.0;9
398400;;;GIFT_BASKET;SEASHELLS;71204.0;1
398700;;;GIFT_BASKET;SEASHELLS;71208.0;2
398900;;;ROSES;SEASHELLS;14755.0;6
399100;;;STRAWBERRIES;SEASHELLS;4015.0;5
399600;;;ROSES;SEASHELLS;14761.0;8
399800;;;CHOCOLATE;SEASHELLS;8009.0;6
399800;;;ROSES;SEASHELLS;14758.0;7
400100;;;CHOCOLATE;SEASHELLS;8013.0;7
400300;;;GIFT_BASKET;SEASHELLS;71183.0;4
400500;;;ROSES;SEASHELLS;14761.0;6
400700;;;GIFT_BASKET;SEASHELLS;71220.0;2
400900;;;ROSES;SEASHELLS;14755.0;3
401700;;;STRAWBERRIES;SEASHELLS;4013.0;4
401800;;;STRAWBERRIES;SEASHELLS;4014.0;8
401900;;;STRAWBERRIES;SEASHELLS;4014.0;8
402200;;;ROSES;SEASHELLS;14740.0;3
402500;;;STRAWBERRIES;SEASHELLS;4013.0;4
402800;;;CHOCOLATE;SEASHELLS;8026.0;5
403000;;;CHOCOLATE;SEASHELLS;8025.0;4
403600;;;STRAWBERRIES;SEASHELLS;4011.0;8
403900;;;CHOCOLATE;SEASHELLS;8025.0;8
405000;;;ROSES;SEASHELLS;14746.0;4
405100;;;STRAWBERRIES;SEASHELLS;4012.0;4
405300;;;GIFT_BASKET;SEASHELLS;71121.0;2
405400;;;CHOCOLATE;SEASHELLS;8017.0;6
405900;;;CHOCOLATE;SEASHELLS;8015.0;9
406200;;;CHOCOLATE;SEASHELLS;8017.0;6
406500;;;CHOCOLATE;SEASHELLS;8019.0;6
407000;;;ROSES;SEASHELLS;14767.0;5
407100;;;ROSES;SEASHELLS;14766.0;3
407300;;;CHOCOLATE;SEASHELLS;8011.0;8
407400;;;CHOCOLATE;SEASHELLS;8011.0;6
407500;;;CHOCOLATE;SEASHELLS;8011.0;7
408300;;;ROSES;SEASHELLS;14760.0;3
408400;;;CHOCOLATE;SEASHELLS;8010.0;7
408700;;;CHOCOLATE;SEASHELLS;8009.0;10
408800;;;STRAWBERRIES;SEASHELLS;4015.0;10
409100;;;CHOCOLATE;SEASHELLS;8008.0;7
409400;;;CHOCOLATE;SEASHELLS;8008.0;5
409400;;;STRAWBERRIES;SEASHELLS;4018.0;7
409500;;;STRAWBERRIES;SEASHELLS;4017.0;8
409800;;;STRAWBERRIES;SEASHELLS;4017.0;4
409900;;;GIFT_BASKET;SEASHELLS;71113.0;5
409900;;;GIFT_BASKET;SEASHELLS;71113.0;2
410100;;;GIFT_BASKET;SEASHELLS;71109.0;2
410600;;;ROSES;SEASHELLS;14787.0;5
411700;;;STRAWBERRIES;SEASHELLS;4017.0;9
411800;;;STRAWBERRIES;SEASHELLS;4015.0;8
411900;;;CHOCOLATE;SEASHELLS;8006.0;6
411900;;;ROSES;SEASHELLS;14794.0;1
412000;;;GIFT_BASKET;SEASHELLS;71075.0;2
412000;;;GIFT_BASKET;SEASHELLS;71081.0;1
412300;;;STRAWBERRIES;SEASHELLS;4017.0;9
412300;;;ROSES;SEASHELLS;14798.0;9
412500;;;STRAWBERRIES;SEASHELLS;4014.0;9
412900;;;ROSES;SEASHELLS;14803.0;7
412900;;;GIFT_BASKET;SEASHELLS;71084.0;2
413000;;;ROSES;SEASHELLS;14805.0;2
413400;;;CHOCOLATE;SEASHELLS;8008.0;8
413800;;;ROSES;SEASHELLS;14812.0;4
413900;;;ROSES;SEASHELLS;14813.0;4
414900;;;ROSES;SEASHELLS;14818.0;1
414900;;;CHOCOLATE;SEASHELLS;8010.0;6
415000;;;GIFT_BASKET;SEASHELLS;71082.0;7
415000;;;GIFT_BASKET;SEASHELLS;71083.0;1
415000;;;STRAWBERRIES;SEASHELLS;4014.0;4
415100;;;ROSES;SEASHELLS;14818.0;2
415600;;;ROSES;SEASHELLS;14819.0;1
415700;;;CHOCOLATE;SEASHELLS;8009.0;6
415800;;;CHOCOLATE;SEASHELLS;8010.0;8
415900;;;ROSES;SEASHELLS;14803.0;1
416100;;;GIFT_BASKET;SEASHELLS;71086.0;1
416100;;;GIFT_BASKET;SEASHELLS;71092.0;7
416200;;;CHOCOLATE;SEASHELLS;8009.0;7
416400;;;ROSES;SEASHELLS;14804.0;5
417600;;;ROSES;SEASHELLS;14803.0;3
417800;;;STRAWBERRIES;SEASHELLS;4010.0;4
418200;;;STRAWBERRIES;SEASHELLS;4010.0;9
419400;;;STRAWBERRIES;SEASHELLS;4013.0;8
419400;;;ROSES;SEASHELLS;14823.0;2
419600;;;STRAWBERRIES;SEASHELLS;4013.0;9
419700;;;CHOCOLATE;SEASHELLS;8027.0;6
420000;;;ROSES;SEASHELLS;14816.0;5
420100;;;ROSES;SEASHELLS;14813.0;4
420300;;;CHOCOLATE;SEASHELLS;8028.0;5
420300;;;STRAWBERRIES;SEASHELLS;4012.0;8
420500;;;CHOCOLATE;SEASHELLS;8028.0;7
420700;;;CHOCOLATE;SEASHELLS;8025.0;5
420800;;;STRAWBERRIES;SEASHELLS;4012.0;6
421400;;;ROSES;SEASHELLS;14802.0;4
421800;;;ROSES;SEASHELLS;14803.0;3
422000;;;GIFT_BASKET;SEASHELLS;71220.0;8
422000;;;CHOCOLATE;SEASHELLS;8031.0;7
422300;;;STRAWBERRIES;SEASHELLS;4012.0;5
422400;;;GIFT_BASKET;SEASHELLS;71218.0;2
422500;;;CHOCOLATE;SEASHELLS;8033.0;8
422800;;;STRAWBERRIES;SEASHELLS;4011.0;9
423600;;;ROSES;SEASHELLS;14781.0;5
423600;;;STRAWBERRIES;SEASHELLS;4011.0;4
423800;;;STRAWBERRIES;SEASHELLS;4011.0;3
423900;;;CHOCOLATE;SEASHELLS;8035.0;7
424100;;;CHOCOLATE;SEASHELLS;8034.0;7
424400;;;STRAWBERRIES;SEASHELLS;4013.0;8
424500;;;CHOCOLATE;SEASHELLS;8036.0;5
424500;;;ROSES;SEASHELLS;14775.0;1
425100;;;STRAWBERRIES;SEASHELLS;4012.0;7
426200;;;CHOCOLATE;SEASHELLS;8031.0;8
426300;;;ROSES;SEASHELLS;14753.0;1
426300;;;CHOCOLATE;SEASHELLS;8031.0;7
426900;;;STRAWBERRIES;SEASHELLS;4014.0;4
427100;;;GIFT_BASKET;SEASHELLS;71177.0;6
427100;;;GIFT_BASKET;SEASHELLS;71183.0;1
427200;;;CHOCOLATE;SEASHELLS;8028.0;7
427700;;;ROSES;SEASHELLS;14753.0;1
427900;;;STRAWBERRIES;SEASHELLS;4016.0;4
428100;;;CHOCOLATE;SEASHELLS;8031.0;10
428200;;;CHOCOLATE;SEASHELLS;8031.0;8
429200;;;ROSES;SEASHELLS;14738.0;2
429600;;;STRAWBERRIES;SEASHELLS;4014.0;9
430000;;;ROSES;SEASHELLS;14729.0;5
430100;;;ROSES;SEASHELLS;14731.0;3
430200;;;STRAWBERRIES;SEASHELLS;4014.0;4
430300;;;ROSES;SEASHELLS;14731.0;1
430500;;;CHOCOLATE;SEASHELLS;8028.0;5
430900;;;ROSES;SEASHELLS;14734.0;4
431000;;;ROSES;SEASHELLS;14736.0;4
431100;;;ROSES;SEASHELLS;14738.0;2
431200;;;ROSES;SEASHELLS;14738.0;5
431200;;;STRAWBERRIES;SEASHELLS;4015.0;5
431500;;;CHOCOLATE;SEASHELLS;8033.0;8
432600;;;CHOCOLATE;SEASHELLS;8035.0;5
432700;;;ROSES;SEASHELLS;14744.0;4
433600;;;CHOCOLATE;SEASHELLS;8038.0;6
433600;;;STRAWBERRIES;SEASHELLS;4015.0;8
434000;;;ROSES;SEASHELLS;14733.0;8
434500;;;ROSES;SEASHELLS;14726.0;3
434900;;;CHOCOLATE;SEASHELLS;8041.0;6
434900;;;GIFT_BASKET;SEASHELLS;71223.0;2
434900;;;ROSES;SEASHELLS;14720.0;5
435400;;;ROSES;SEASHELLS;14724.0;5
435500;;;GIFT_BASKET;SEASHELLS;71245.0;2
435700;;;ROSES;SEASHELLS;14726.0;5
435900;;;STRAWBERRIES;SEASHELLS;4018.0;5
436500;;;STRAWBERRIES;SEASHELLS;4017.0;9
436700;;;ROSES;SEASHELLS;14730.0;2
437700;;;ROSES;SEASHELLS;14715.0;5
437800;;;ROSES;SEASHELLS;14717.0;5
437800;;;GIFT_BASKET;SEASHELLS;71238.0;3
437900;;;STRAWBERRIES;SEASHELLS;4018.0;11
438200;;;GIFT_BASKET;SEASHELLS;71275.0;2
438500;;;ROSES;SEASHELLS;14722.0;10
438900;;;ROSES;SEASHELLS;14731.0;2
439200;;;CHOCOLATE;SEASHELLS;8043.0;7
439300;;;ROSES;SEASHELLS;14726.0;5
439400;;;STRAWBERRIES;SEASHELLS;4018.0;7
439400;;;ROSES;SEASHELLS;14725.0;10
439400;;;STRAWBERRIES;SEASHELLS;4017.0;6
439400;;;ROSES;SEASHELLS;14727.0;3
440200;;;CHOCOLATE;SEASHELLS;8043.0;8
440600;;;GIFT_BASKET;SEASHELLS;71267.0;2
440600;;;ROSES;SEASHELLS;14719.0;8
440600;;;GIFT_BASKET;SEASHELLS;71266.0;2
441100;;;STRAWBERRIES;SEASHELLS;4017.0;4
441200;;;ROSES;SEASHELLS;14719.0;1
441300;;;GIFT_BASKET;SEASHELLS;71288.0;6
441700;;;CHOCOLATE;SEASHELLS;8041.0;5
441700;;;STRAWBERRIES;SEASHELLS;4017.0;9
442200;;;STRAWBERRIES;SEASHELLS;4017.0;5
442300;;;CHOCOLATE;SEASHELLS;8041.0;6
442400;;;STRAWBERRIES;SEASHELLS;4015.0;10
442500;;;GIFT_BASKET;SEASHELLS;71256.0;1
442500;;;ROSES;SEASHELLS;14714.0;3
443000;;;CHOCOLATE;SEASHELLS;8037.0;7
443100;;;GIFT_BASKET;SEASHELLS;71246.0;6
443100;;;GIFT_BASKET;SEASHELLS;71247.0;1
443700;;;ROSES;SEASHELLS;14723.0;2
444100;;;STRAWBERRIES;SEASHELLS;4014.0;8
444300;;;CHOCOLATE;SEASHELLS;8039.0;9
444400;;;STRAWBERRIES;SEASHELLS;4014.0;8
444600;;;ROSES;SEASHELLS;14734.0;2
446000;;;ROSES;SEASHELLS;14726.0;1
446200;;;STRAWBERRIES;SEASHELLS;4015.0;5
446300;;;ROSES;SEASHELLS;14720.0;1
446600;;;CHOCOLATE;SEASHELLS;8056.0;8
446700;;;GIFT_BASKET;SEASHELLS;71260.0;1
446700;;;GIFT_BASKET;SEASHELLS;71260.0;2
446800;;;STRAWBERRIES;SEASHELLS;4015.0;6
447200;;;CHOCOLATE;SEASHELLS;8058.0;6
447300;;;CHOCOLATE;SEASHELLS;8055.0;6
447700;;;ROSES;SEASHELLS;14719.0;4
447800;;;ROSES;SEASHELLS;14713.0;1
447800;;;CHOCOLATE;SEASHELLS;8058.0;7
447800;;;STRAWBERRIES;SEASHELLS;4016.0;12
448000;;;GIFT_BASKET;SEASHELLS;71253.0;2
448000;;;GIFT_BASKET;SEASHELLS;71254.0;1
448200;;;STRAWBERRIES;SEASHELLS;4018.0;10
448300;;;CHOCOLATE;SEASHELLS;8061.0;8
448500;;;STRAWBERRIES;SEASHELLS;4016.0;10
448800;;;CHOCOLATE;SEASHELLS;8059.0;5
448800;;;ROSES;SEASHELLS;14709.0;2
448800;;;STRAWBERRIES;SEASHELLS;4017.0;4
449100;;;ROSES;SEASHELLS;14702.0;1
449900;;;CHOCOLATE;SEASHELLS;8054.0;8
450400;;;CHOCOLATE;SEASHELLS;8053.0;8
450500;;;CHOCOLATE;SEASHELLS;8054.0;8
450500;;;STRAWBERRIES;SEASHELLS;4020.0;5
450600;;;STRAWBERRIES;SEASHELLS;4019.0;12
450800;;;GIFT_BASKET;SEASHELLS;71228.0;2
450900;;;STRAWBERRIES;SEASHELLS;4019.0;8
451000;;;STRAWBERRIES;SEASHELLS;4019.0;5
451200;;;STRAWBERRIES;SEASHELLS;4020.0;6
451300;;;CHOCOLATE;SEASHELLS;8053.0;8
451800;;;STRAWBERRIES;SEASHELLS;4021.0;10
451900;;;ROSES;SEASHELLS;14704.0;3
452000;;;CHOCOLATE;SEASHELLS;8054.0;5
452000;;;ROSES;SEASHELLS;14711.0;5
452000;;;STRAWBERRIES;SEASHELLS;4021.0;4
452100;;;ROSES;SEASHELLS;14710.0;3
452200;;;ROSES;SEASHELLS;14712.0;1
452300;;;GIFT_BASKET;SEASHELLS;71257.0;6
452600;;;CHOCOLATE;SEASHELLS;8054.0;5
452700;;;GIFT_BASKET;SEASHELLS;71269.0;1
452900;;;STRAWBERRIES;SEASHELLS;4021.0;5
452900;;;CHOCOLATE;SEASHELLS;8057.0;7
453100;;;ROSES;SEASHELLS;14706.0;4
453200;;;CHOCOLATE;SEASHELLS;8054.0;5
453800;;;STRAWBERRIES;SEASHELLS;4023.0;10
454000;;;STRAWBERRIES;SEASHELLS;4022.0;9
454200;;;STRAWBERRIES;SEASHELLS;4023.0;8
454300;;;CHOCOLATE;SEASHELLS;8049.0;7
454400;;;GIFT_BASKET;SEASHELLS;71271.0;1
454600;;;STRAWBERRIES;SEASHELLS;4021.0;5
454600;;;CHOCOLATE;SEASHELLS;8047.0;4
455700;;;ROSES;SEASHELLS;14694.0;5
456200;;;CHOCOLATE;SEASHELLS;8045.0;8
456700;;;CHOCOLATE;SEASHELLS;8048.0;8
456900;;;CHOCOLATE;SEASHELLS;8047.0;8
457000;;;GIFT_BASKET;SEASHELLS;71266.0;5
457000;;;GIFT_BASKET;SEASHELLS;71267.0;2
457300;;;GIFT_BASKET;SEASHELLS;71259.0;1
457500;;;ROSES;SEASHELLS;14699.0;1
458000;;;CHOCOLATE;SEASHELLS;8040.0;7
458100;;;STRAWBERRIES;SEASHELLS;4025.0;4
458300;;;ROSES;SEASHELLS;14695.0;9
458600;;;ROSES;SEASHELLS;14701.0;2
458800;;;STRAWBERRIES;SEASHELLS;4027.0;6
459200;;;STRAWBERRIES;SEASHELLS;4027.0;11
459400;;;ROSES;SEASHELLS;14691.0;2
459900;;;CHOCOLATE;SEASHELLS;8038.0;5
460000;;;CHOCOLATE;SEASHELLS;8039.0;6
460500;;;ROSES;SEASHELLS;14670.0;1
460500;;;CHOCOLATE;SEASHELLS;8037.0;7
460800;;;CHOCOLATE;SEASHELLS;8034.0;8
461100;;;STRAWBERRIES;SEASHELLS;4030.0;10
461100;;;ROSES;SEASHELLS;14677.0;5
461300;;;STRAWBERRIES;SEASHELLS;4029.0;6
461300;;;STRAWBERRIES;SEASHELLS;4030.0;5
461500;;;CHOCOLATE;SEASHELLS;8038.0;5
461800;;;CHOCOLATE;SEASHELLS;8035.0;8
462000;;;CHOCOLATE;SEASHELLS;8035.0;9
462100;;;STRAWBERRIES;SEASHELLS;4028.0;12
462500;;;CHOCOLATE;SEASHELLS;8037.0;5
462700;;;ROSES;SEASHELLS;14686.0;1
462900;;;ROSES;SEASHELLS;14684.0;1
463300;;;STRAWBERRIES;SEASHELLS;4026.0;11
464000;;;CHOCOLATE;SEASHELLS;8032.0;5
464000;;;ROSES;SEASHELLS;14667.0;1
464200;;;ROSES;SEASHELLS;14661.0;1
464200;;;CHOCOLATE;SEASHELLS;8033.0;4
464600;;;STRAWBERRIES;SEASHELLS;4026.0;10
464800;;;GIFT_BASKET;SEASHELLS;71194.0;4
464900;;;STRAWBERRIES;SEASHELLS;4023.0;4
465000;;;CHOCOLATE;SEASHELLS;8026.0;7
465200;;;CHOCOLATE;SEASHELLS;8026.0;5
465500;;;ROSES;SEASHELLS;14664.0;5
465600;;;ROSES;SEASHELLS;14665.0;5
465900;;;GIFT_BASKET;SEASHELLS;71192.0;2
466100;;;CHOCOLATE;SEASHELLS;8028.0;7
466200;;;CHOCOLATE;SEASHELLS;8029.0;5
466200;;;ROSES;SEASHELLS;14680.0;3
466300;;;STRAWBERRIES;SEASHELLS;4025.0;10
468000;;;ROSES;SEASHELLS;14666.0;1
468100;;;ROSES;SEASHELLS;14668.0;3
468300;;;ROSES;SEASHELLS;14671.0;1
468400;;;CHOCOLATE;SEASHELLS;8031.0;8
468700;;;GIFT_BASKET;SEASHELLS;71214.0;5
468800;;;STRAWBERRIES;SEASHELLS;4027.0;10
469200;;;ROSES;SEASHELLS;14677.0;5
469400;;;ROSES;SEASHELLS;14682.0;1
469500;;;STRAWBERRIES;SEASHELLS;4027.0;6
469900;;;ROSES;SEASHELLS;14686.0;1
470100;;;ROSES;SEASHELLS;14682.0;5
470300;;;STRAWBERRIES;SEASHELLS;4026.0;10
470400;;;STRAWBERRIES;SEASHELLS;4024.0;5
470500;;;STRAWBERRIES;SEASHELLS;4025.0;8
470900;;;STRAWBERRIES;SEASHELLS;4025.0;10
471000;;;GIFT_BASKET;SEASHELLS;71194.0;1
471000;;;CHOCOLATE;SEASHELLS;8028.0;7
471400;;;CHOCOLATE;SEASHELLS;8030.0;5
471700;;;ROSES;SEASHELLS;14661.0;3
472000;;;CHOCOLATE;SEASHELLS;8033.0;6
472000;;;STRAWBERRIES;SEASHELLS;4025.0;5
472200;;;STRAWBERRIES;SEASHELLS;4025.0;4
472700;;;CHOCOLATE;SEASHELLS;8031.0;8
472700;;;ROSES;SEASHELLS;14648.0;2
473900;;;STRAWBERRIES;SEASHELLS;4028.0;9
474300;;;CHOCOLATE;SEASHELLS;8029.0;5
474500;;;ROSES;SEASHELLS;14630.0;4
474500;;;CHOCOLATE;SEASHELLS;8030.0;7
475000;;;ROSES;SEASHELLS;14625.0;2
475500;;;ROSES;SEASHELLS;14624.0;4
475700;;;STRAWBERRIES;SEASHELLS;4030.0;9
475800;;;CHOCOLATE;SEASHELLS;8024.0;5
475900;;;CHOCOLATE;SEASHELLS;8023.0;7
476100;;;ROSES;SEASHELLS;14626.0;2
476100;;;CHOCOLATE;SEASHELLS;8024.0;7
476300;;;GIFT_BASKET;SEASHELLS;71264.0;7
476400;;;STRAWBERRIES;SEASHELLS;4028.0;8
476400;;;ROSES;SEASHELLS;14632.0;5
476500;;;CHOCOLATE;SEASHELLS;8026.0;8
476700;;;ROSES;SEASHELLS;14627.0;2
476800;;;CHOCOLATE;SEASHELLS;8026.0;6
477200;;;ROSES;SEASHELLS;14631.0;1
477600;;;CHOCOLATE;SEASHELLS;8027.0;5
477800;;;CHOCOLATE;SEASHELLS;8027.0;8
477900;;;CHOCOLATE;SEASHELLS;8026.0;6
479000;;;STRAWBERRIES;SEASHELLS;4033.0;10
479800;;;GIFT_BASKET;SEASHELLS;71314.0;1
480500;;;CHOCOLATE;SEASHELLS;8019.0;6
480600;;;ROSES;SEASHELLS;14655.0;2
480700;;;GIFT_BASKET;SEASHELLS;71331.0;2
481300;;;CHOCOLATE;SEASHELLS;8020.0;6
481300;;;ROSES;SEASHELLS;14654.0;3
481500;;;STRAWBERRIES;SEASHELLS;4037.0;8
481600;;;GIFT_BASKET;SEASHELLS;71350.0;1
481600;;;CHOCOLATE;SEASHELLS;8022.0;10
481800;;;STRAWBERRIES;SEASHELLS;4039.0;6
481800;;;CHOCOLATE;SEASHELLS;8024.0;4
482400;;;STRAWBERRIES;SEASHELLS;4039.0;9
482400;;;ROSES;SEASHELLS;14647.0;2
482600;;;GIFT_BASKET;SEASHELLS;71374.0;5
482800;;;CHOCOLATE;SEASHELLS;8026.0;8
483000;;;STRAWBERRIES;SEASHELLS;4039.0;5
483200;;;CHOCOLATE;SEASHELLS;8022.0;5
483500;;;CHOCOLATE;SEASHELLS;8021.0;7
484400;;;GIFT_BASKET;SEASHELLS;71312.0;1
484400;;;CHOCOLATE;SEASHELLS;8019.0;6
484400;;;ROSES;SEASHELLS;14640.0;2
484600;;;STRAWBERRIES;SEASHELLS;4043.0;6
484600;;;STRAWBERRIES;SEASHELLS;4041.0;3
484700;;;ROSES;SEASHELLS;14641.0;1
484900;;;ROSES;SEASHELLS;14647.0;4
484900;;;STRAWBERRIES;SEASHELLS;4042.0;4
485100;;;ROSES;SEASHELLS;14649.0;2
485200;;;CHOCOLATE;SEASHELLS;8024.0;7
485300;;;ROSES;SEASHELLS;14655.0;1
485800;;;STRAWBERRIES;SEASHELLS;4044.0;9
485800;;;STRAWBERRIES;SEASHELLS;4043.0;5
485800;;;CHOCOLATE;SEASHELLS;8028.0;6
486000;;;STRAWBERRIES;SEASHELLS;4045.0;8
486500;;;STRAWBERRIES;SEASHELLS;4044.0;7
486800;;;STRAWBERRIES;SEASHELLS;4044.0;10
487000;;;GIFT_BASKET;SEASHELLS;71417.0;1
487000;;;GIFT_BASKET;SEASHELLS;71418.0;2
487400;;;STRAWBERRIES;SEASHELLS;4044.0;5
487800;;;STRAWBERRIES;SEASHELLS;4043.0;7
487800;;;ROSES;SEASHELLS;14671.0;2
488200;;;STRAWBERRIES;SEASHELLS;4045.0;10
488400;;;CHOCOLATE;SEASHELLS;8026.0;8
488500;;;STRAWBERRIES;SEASHELLS;4047.0;8
488900;;;STRAWBERRIES;SEASHELLS;4045.0;9
489300;;;GIFT_BASKET;SEASHELLS;71488.0;10
489900;;;ROSES;SEASHELLS;14678.0;2
490100;;;STRAWBERRIES;SEASHELLS;4048.0;10
490100;;;ROSES;SEASHELLS;14677.0;2
490200;;;ROSES;SEASHELLS;14681.0;4
491200;;;ROSES;SEASHELLS;14687.0;1
491300;;;ROSES;SEASHELLS;14686.0;4
491500;;;ROSES;SEASHELLS;14688.0;1
492200;;;STRAWBERRIES;SEASHELLS;4049.0;7
492600;;;CHOCOLATE;SEASHELLS;8027.0;8
492600;;;GIFT_BASKET;SEASHELLS;71517.0;1
492900;;;STRAWBERRIES;SEASHELLS;4048.0;8
493100;;;ROSES;SEASHELLS;14687.0;4
493200;;;STRAWBERRIES;SEASHELLS;4048.0;3
493400;;;ROSES;SEASHELLS;14687.0;2
493800;;;STRAWBERRIES;SEASHELLS;4049.0;10
494100;;;GIFT_BASKET;SEASHELLS;71495.0;2
494100;;;CHOCOLATE;SEASHELLS;8028.0;6
494600;;;CHOCOLATE;SEASHELLS;8022.0;7
495300;;;STRAWBERRIES;SEASHELLS;4046.0;8
496100;;;ROSES;SEASHELLS;14660.0;4
496100;;;CHOCOLATE;SEASHELLS;8021.0;7
496300;;;STRAWBERRIES;SEASHELLS;4047.0;5
496700;;;STRAWBERRIES;SEASHELLS;4046.0;10
496900;;;STRAWBERRIES;SEASHELLS;4046.0;4
497000;;;GIFT_BASKET;SEASHELLS;71537.0;9
497100;;;CHOCOLATE;SEASHELLS;8016.0;7
497200;;;STRAWBERRIES;SEASHELLS;4046.0;6
497200;;;GIFT_BASKET;SEASHELLS;71541.0;2
497500;;;GIFT_BASKET;SEASHELLS;71562.0;5
497700;;;CHOCOLATE;SEASHELLS;8017.0;8
497800;;;ROSES;SEASHELLS;14671.0;5
497900;;;ROSES;SEASHELLS;14673.0;5
498000;;;ROSES;SEASHELLS;14673.0;5
498200;;;CHOCOLATE;SEASHELLS;8016.0;5
498200;;;ROSES;SEASHELLS;14674.0;1
498600;;;ROSES;SEASHELLS;14675.0;4
498600;;;STRAWBERRIES;SEASHELLS;4049.0;8
498900;;;ROSES;SEASHELLS;14674.0;4
499000;;;STRAWBERRIES;SEASHELLS;4048.0;9
499100;;;CHOCOLATE;SEASHELLS;8012.0;6
499800;;;STRAWBERRIES;SEASHELLS;4048.0;3
499800;;;ROSES;SEASHELLS;14674.0;3
500200;;;ROSES;SEASHELLS;14682.0;5
500200;;;STRAWBERRIES;SEASHELLS;4048.0;4
500300;;;CHOCOLATE;SEASHELLS;8010.0;5
500300;;;GIFT_BASKET;SEASHELLS;71545.0;2
500700;;;ROSES;SEASHELLS;14679.0;9
501000;;;ROSES;SEASHELLS;14681.0;1
501000;;;CHOCOLATE;SEASHELLS;8011.0;5
501400;;;STRAWBERRIES;SEASHELLS;4049.0;5
501400;;;CHOCOLATE;SEASHELLS;8011.0;8
501600;;;ROSES;SEASHELLS;14673.0;5
502300;;;CHOCOLATE;SEASHELLS;8007.0;7
502400;;;ROSES;SEASHELLS;14664.0;5
502400;;;GIFT_BASKET;SEASHELLS;71477.0;2
503000;;;STRAWBERRIES;SEASHELLS;4048.0;10
503400;;;ROSES;SEASHELLS;14678.0;2
503600;;;CHOCOLATE;SEASHELLS;7999.0;5
503600;;;STRAWBERRIES;SEASHELLS;4049.0;7
504000;;;ROSES;SEASHELLS;14683.0;4
504200;;;STRAWBERRIES;SEASHELLS;4048.0;7
504400;;;ROSES;SEASHELLS;14691.0;8
504500;;;CHOCOLATE;SEASHELLS;8002.0;6
504800;;;ROSES;SEASHELLS;14698.0;2
505000;;;GIFT_BASKET;SEASHELLS;71480.0;2
505300;;;CHOCOLATE;SEASHELLS;8001.0;8
506000;;;ROSES;SEASHELLS;14704.0;9
506400;;;CHOCOLATE;SEASHELLS;8002.0;6
506400;;;STRAWBERRIES;SEASHELLS;4048.0;4
506500;;;CHOCOLATE;SEASHELLS;7999.0;7
507000;;;CHOCOLATE;SEASHELLS;7998.0;8
507100;;;ROSES;SEASHELLS;14698.0;2
507200;;;STRAWBERRIES;SEASHELLS;4049.0;6
507200;;;CHOCOLATE;SEASHELLS;7998.0;8
508400;;;CHOCOLATE;SEASHELLS;7997.0;8
509200;;;ROSES;SEASHELLS;14703.0;2
509400;;;GIFT_BASKET;SEASHELLS;71475.0;7
509400;;;GIFT_BASKET;SEASHELLS;71476.0;1
509400;;;GIFT_BASKET;SEASHELLS;71481.0;6
509500;;;CHOCOLATE;SEASHELLS;7994.0;6
509500;;;STRAWBERRIES;SEASHELLS;4052.0;4
509800;;;STRAWBERRIES;SEASHELLS;4050.0;7
510200;;;ROSES;SEASHELLS;14699.0;4
510500;;;STRAWBERRIES;SEASHELLS;4051.0;10
510600;;;STRAWBERRIES;SEASHELLS;4051.0;12
510600;;;ROSES;SEASHELLS;14705.0;5
511400;;;ROSES;SEASHELLS;14711.0;1
511600;;;CHOCOLATE;SEASHELLS;7999.0;6
511800;;;STRAWBERRIES;SEASHELLS;4050.0;7
512900;;;ROSES;SEASHELLS;14692.0;5
512900;;;STRAWBERRIES;SEASHELLS;4048.0;7
513100;;;ROSES;SEASHELLS;14691.0;4
513300;;;CHOCOLATE;SEASHELLS;7996.0;5
513800;;;STRAWBERRIES;SEASHELLS;4050.0;9
513800;;;CHOCOLATE;SEASHELLS;7994.0;7
514100;;;ROSES;SEASHELLS;14696.0;8
514200;;;STRAWBERRIES;SEASHELLS;4048.0;8
515300;;;STRAWBERRIES;SEASHELLS;4048.0;6
515400;;;ROSES;SEASHELLS;14676.0;5
515500;;;GIFT_BASKET;SEASHELLS;71356.0;2
516100;;;ROSES;SEASHELLS;14689.0;3
516700;;;STRAWBERRIES;SEASHELLS;4048.0;6
517300;;;ROSES;SEASHELLS;14692.0;5
517500;;;STRAWBERRIES;SEASHELLS;4044.0;6
518000;;;ROSES;SEASHELLS;14704.0;4
518000;;;GIFT_BASKET;SEASHELLS;71399.0;2
518000;;;GIFT_BASKET;SEASHELLS;71398.0;4
518200;;;GIFT_BASKET;SEASHELLS;71382.0;4
518200;;;ROSES;SEASHELLS;14699.0;4
518300;;;CHOCOLATE;SEASHELLS;7990.0;7
518700;;;ROSES;SEASHELLS;14700.0;9
519200;;;GIFT_BASKET;SEASHELLS;71413.0;1
519400;;;STRAWBERRIES;SEASHELLS;4044.0;12
520200;;;STRAWBERRIES;SEASHELLS;4044.0;9
520200;;;ROSES;SEASHELLS;14705.0;2
520300;;;STRAWBERRIES;SEASHELLS;4044.0;6
520500;;;GIFT_BASKET;SEASHELLS;71479.0;4
520500;;;GIFT_BASKET;SEASHELLS;71479.0;2
520800;;;CHOCOLATE;SEASHELLS;7996.0;7
521100;;;CHOCOLATE;SEASHELLS;7999.0;8
521400;;;ROSES;SEASHELLS;14712.0;2
521700;;;STRAWBERRIES;SEASHELLS;4043.0;12
521700;;;ROSES;SEASHELLS;14713.0;1
522200;;;ROSES;SEASHELLS;14718.0;5
522300;;;ROSES;SEASHELLS;14723.0;3
522600;;;STRAWBERRIES;SEASHELLS;4045.0;6
522800;;;CHOCOLATE;SEASHELLS;7998.0;6
523000;;;CHOCOLATE;SEASHELLS;7997.0;8
523200;;;STRAWBERRIES;SEASHELLS;4044.0;9
523200;;;ROSES;SEASHELLS;14723.0;1
523200;;;CHOCOLATE;SEASHELLS;7998.0;7
523300;;;STRAWBERRIES;SEASHELLS;4042.0;7
523300;;;STRAWBERRIES;SEASHELLS;4042.0;8
523800;;;STRAWBERRIES;SEASHELLS;4041.0;7
524000;;;ROSES;SEASHELLS;14714.0;5
524100;;;ROSES;SEASHELLS;14718.0;4
524400;;;ROSES;SEASHELLS;14712.0;4
524700;;;STRAWBERRIES;SEASHELLS;4041.0;11
524900;;;ROSES;SEASHELLS;14706.0;5
525100;;;ROSES;SEASHELLS;14713.0;10
525500;;;CHOCOLATE;SEASHELLS;8004.0;8
525600;;;ROSES;SEASHELLS;14704.0;4
526100;;;ROSES;SEASHELLS;14695.0;2
526200;;;GIFT_BASKET;SEASHELLS;71493.0;2
526200;;;GIFT_BASKET;SEASHELLS;71493.0;5
526300;;;GIFT_BASKET;SEASHELLS;71488.0;2
526900;;;CHOCOLATE;SEASHELLS;8004.0;5
527200;;;STRAWBERRIES;SEASHELLS;4042.0;8
527400;;;CHOCOLATE;SEASHELLS;8006.0;5
527800;;;ROSES;SEASHELLS;14708.0;2
527900;;;ROSES;SEASHELLS;14709.0;3
528000;;;GIFT_BASKET;SEASHELLS;71535.0;6
528200;;;CHOCOLATE;SEASHELLS;8006.0;9
528400;;;ROSES;SEASHELLS;14716.0;5
528700;;;GIFT_BASKET;SEASHELLS;71536.0;2
528800;;;ROSES;SEASHELLS;14721.0;2
528900;;;STRAWBERRIES;SEASHELLS;4042.0;5
529000;;;STRAWBERRIES;SEASHELLS;4041.0;7
529200;;;ROSES;SEASHELLS;14724.0;2
529500;;;CHOCOLATE;SEASHELLS;8011.0;8
529700;;;ROSES;SEASHELLS;14726.0;2
530800;;;STRAWBERRIES;SEASHELLS;4046.0;8
531400;;;STRAWBERRIES;SEASHELLS;4046.0;7
531500;;;ROSES;SEASHELLS;14737.0;5
532200;;;CHOCOLATE;SEASHELLS;8010.0;5
532200;;;ROSES;SEASHELLS;14723.0;1
532300;;;CHOCOLATE;SEASHELLS;8009.0;8
533600;;;GIFT_BASKET;SEASHELLS;71475.0;4
533600;;;CHOCOLATE;SEASHELLS;8012.0;4
533600;;;GIFT_BASKET;SEASHELLS;71475.0;2
534000;;;CHOCOLATE;SEASHELLS;8012.0;5
534300;;;GIFT_BASKET;SEASHELLS;71465.0;2
534300;;;GIFT_BASKET;SEASHELLS;71464.0;3
534300;;;ROSES;SEASHELLS;14700.0;5
534500;;;CHOCOLATE;SEASHELLS;8013.0;6
534700;;;STRAWBERRIES;SEASHELLS;4046.0;7
534900;;;STRAWBERRIES;SEASHELLS;4045.0;6
535300;;;STRAWBERRIES;SEASHELLS;4045.0;10
535700;;;CHOCOLATE;SEASHELLS;8013.0;9
536200;;;GIFT_BASKET;SEASHELLS;71464.0;2
536200;;;CHOCOLATE;SEASHELLS;8010.0;8
536300;;;CHOCOLATE;SEASHELLS;8011.0;6
536400;;;GIFT_BASKET;SEASHELLS;71479.0;2
536800;;;ROSES;SEASHELLS;14696.0;3
536900;;;ROSES;SEASHELLS;14702.0;1
537100;;;ROSES;SEASHELLS;14692.0;2
537700;;;STRAWBERRIES;SEASHELLS;4044.0;9
537700;;;ROSES;SEASHELLS;14699.0;1
537800;;;CHOCOLATE;SEASHELLS;8013.0;10
537800;;;CHOCOLATE;SEASHELLS;8013.0;8
538100;;;STRAWBERRIES;SEASHELLS;4043.0;6
538600;;;STRAWBERRIES;SEASHELLS;4043.0;10
538700;;;STRAWBERRIES;SEASHELLS;4043.0;4
538900;;;GIFT_BASKET;SEASHELLS;71460.0;2
539000;;;CHOCOLATE;SEASHELLS;8011.0;6
539100;;;CHOCOLATE;SEASHELLS;8009.0;9
539100;;;CHOCOLATE;SEASHELLS;8011.0;8
539200;;;ROSES;SEASHELLS;14691.0;3
539300;;;CHOCOLATE;SEASHELLS;8008.0;7
539500;;;ROSES;SEASHELLS;14697.0;1
539600;;;STRAWBERRIES;SEASHELLS;4044.0;6
539700;;;GIFT_BASKET;SEASHELLS;71439.0;2
539700;;;GIFT_BASKET;SEASHELLS;71439.0;4
539800;;;CHOCOLATE;SEASHELLS;8009.0;8
539900;;;CHOCOLATE;SEASHELLS;8010.0;6
540300;;;GIFT_BASKET;SEASHELLS;71467.0;1
540300;;;GIFT_BASKET;SEASHELLS;71467.0;5
540300;;;CHOCOLATE;SEASHELLS;8008.0;7
541000;;;GIFT_BASKET;SEASHELLS;71468.0;1
541300;;;STRAWBERRIES;SEASHELLS;4043.0;10
541600;;;CHOCOLATE;SEASHELLS;8011.0;8
541900;;;CHOCOLATE;SEASHELLS;8010.0;6
542000;;;CHOCOLATE;SEASHELLS;8011.0;5
542000;;;STRAWBERRIES;SEASHELLS;4043.0;4
542000;;;CHOCOLATE;SEASHELLS;8010.0;10
542400;;;ROSES;SEASHELLS;14707.0;5
542600;;;STRAWBERRIES;SEASHELLS;4042.0;11
542600;;;STRAWBERRIES;SEASHELLS;4042.0;4
543000;;;ROSES;SEASHELLS;14706.0;1
543200;;;CHOCOLATE;SEASHELLS;8013.0;5
543300;;;CHOCOLATE;SEASHELLS;8013.0;5
543600;;;CHOCOLATE;SEASHELLS;8013.0;8
543700;;;STRAWBERRIES;SEASHELLS;4042.0;5
543900;;;GIFT_BASKET;SEASHELLS;71478.0;1
544200;;;STRAWBERRIES;SEASHELLS;4040.0;6
544300;;;ROSES;SEASHELLS;14686.0;2
544400;;;ROSES;SEASHELLS;14684.0;4
544800;;;STRAWBERRIES;SEASHELLS;4041.0;7
544900;;;ROSES;SEASHELLS;14687.0;2
545700;;;CHOCOLATE;SEASHELLS;8014.0;7
545700;;;STRAWBERRIES;SEASHELLS;4042.0;7
546200;;;ROSES;SEASHELLS;14671.0;5
546600;;;ROSES;SEASHELLS;14676.0;4
546700;;;STRAWBERRIES;SEASHELLS;4042.0;4
546900;;;STRAWBERRIES;SEASHELLS;4042.0;9
547300;;;CHOCOLATE;SEASHELLS;8010.0;6
547600;;;STRAWBERRIES;SEASHELLS;4043.0;4
547600;;;CHOCOLATE;SEASHELLS;8012.0;5
547900;;;STRAWBERRIES;SEASHELLS;4041.0;12
548500;;;CHOCOLATE;SEASHELLS;8009.0;5
548600;;;STRAWBERRIES;SEASHELLS;4039.0;10
548600;;;CHOCOLATE;SEASHELLS;8010.0;5
548800;;;ROSES;SEASHELLS;14679.0;2
548900;;;ROSES;SEASHELLS;14678.0;1
549000;;;STRAWBERRIES;SEASHELLS;4039.0;7
549000;;;CHOCOLATE;SEASHELLS;8012.0;7
549500;;;ROSES;SEASHELLS;14667.0;3
549900;;;GIFT_BASKET;SEASHELLS;71465.0;9
550200;;;CHOCOLATE;SEASHELLS;8013.0;8
550500;;;CHOCOLATE;SEASHELLS;8013.0;6
551100;;;STRAWBERRIES;SEASHELLS;4040.0;6
551400;;;STRAWBERRIES;SEASHELLS;4038.0;6
551400;;;GIFT_BASKET;SEASHELLS;71458.0;5
551400;;;GIFT_BASKET;SEASHELLS;71459.0;1
551600;;;STRAWBERRIES;SEASHELLS;4038.0;9
551900;;;STRAWBERRIES;SEASHELLS;4038.0;4
552000;;;STRAWBERRIES;SEASHELLS;4038.0;7
552500;;;ROSES;SEASHELLS;14678.0;5
552600;;;CHOCOLATE;SEASHELLS;8018.0;6
552800;;;ROSES;SEASHELLS;14678.0;3
552900;;;STRAWBERRIES;SEASHELLS;4039.0;7
552900;;;CHOCOLATE;SEASHELLS;8017.0;6
553000;;;ROSES;SEASHELLS;14688.0;3
553000;;;GIFT_BASKET;SEASHELLS;71495.0;6
553100;;;CHOCOLATE;SEASHELLS;8018.0;7
553400;;;CHOCOLATE;SEASHELLS;8018.0;7
553500;;;STRAWBERRIES;SEASHELLS;4039.0;7
554100;;;STRAWBERRIES;SEASHELLS;4040.0;4
554300;;;GIFT_BASKET;SEASHELLS;71483.0;3
554300;;;STRAWBERRIES;SEASHELLS;4038.0;7
554300;;;GIFT_BASKET;SEASHELLS;71477.0;3
554500;;;ROSES;SEASHELLS;14687.0;2
554700;;;STRAWBERRIES;SEASHELLS;4038.0;9
555200;;;ROSES;SEASHELLS;14691.0;4
555300;;;CHOCOLATE;SEASHELLS;8022.0;5
555400;;;ROSES;SEASHELLS;14691.0;4
555500;;;ROSES;SEASHELLS;14692.0;3
555600;;;CHOCOLATE;SEASHELLS;8020.0;5
555700;;;ROSES;SEASHELLS;14695.0;5
555900;;;STRAWBERRIES;SEASHELLS;4040.0;8
556000;;;STRAWBERRIES;SEASHELLS;4040.0;3
556100;;;GIFT_BASKET;SEASHELLS;71502.0;2
556400;;;STRAWBERRIES;SEASHELLS;4040.0;11
556900;;;STRAWBERRIES;SEASHELLS;4040.0;3
557100;;;CHOCOLATE;SEASHELLS;8021.0;8
557800;;;STRAWBERRIES;SEASHELLS;4042.0;6
559000;;;ROSES;SEASHELLS;14687.0;5
559200;;;STRAWBERRIES;SEASHELLS;4040.0;4
559300;;;CHOCOLATE;SEASHELLS;8017.0;7
559600;;;CHOCOLATE;SEASHELLS;8018.0;8
559800;;;ROSES;SEASHELLS;14693.0;2
560400;;;ROSES;SEASHELLS;14681.0;2
560600;;;STRAWBERRIES;SEASHELLS;4043.0;4
561000;;;STRAWBERRIES;SEASHELLS;4044.0;8
561000;;;STRAWBERRIES;SEASHELLS;4045.0;7
561500;;;STRAWBERRIES;SEASHELLS;4043.0;8
562400;;;ROSES;SEASHELLS;14662.0;3
563500;;;STRAWBERRIES;SEASHELLS;4043.0;12
563700;;;ROSES;SEASHELLS;14685.0;2
564000;;;CHOCOLATE;SEASHELLS;8016.0;8
564000;;;ROSES;SEASHELLS;14682.0;4
564300;;;STRAWBERRIES;SEASHELLS;4045.0;7
564600;;;STRAWBERRIES;SEASHELLS;4043.0;5
564700;;;CHOCOLATE;SEASHELLS;8015.0;6
564800;;;STRAWBERRIES;SEASHELLS;4043.0;9
565000;;;ROSES;SEASHELLS;14682.0;4
565400;;;STRAWBERRIES;SEASHELLS;4043.0;9
565500;;;STRAWBERRIES;SEASHELLS;4042.0;5
565600;;;CHOCOLATE;SEASHELLS;8016.0;7
565600;;;CHOCOLATE;SEASHELLS;8014.0;9
565700;;;CHOCOLATE;SEASHELLS;8015.0;8
565800;;;STRAWBERRIES;SEASHELLS;4042.0;4
566100;;;ROSES;SEASHELLS;14667.0;3
566700;;;ROSES;SEASHELLS;14668.0;1
568200;;;CHOCOLATE;SEASHELLS;8026.0;7
568700;;;ROSES;SEASHELLS;14662.0;3
569200;;;STRAWBERRIES;SEASHELLS;4042.0;4
569600;;;CHOCOLATE;SEASHELLS;8020.0;5
569900;;;ROSES;SEASHELLS;14635.0;3
570000;;;CHOCOLATE;SEASHELLS;8022.0;6
570300;;;CHOCOLATE;SEASHELLS;8022.0;5
570300;;;ROSES;SEASHELLS;14643.0;8
570400;;;GIFT_BASKET;SEASHELLS;71424.0;1
570400;;;ROSES;SEASHELLS;14645.0;1
571200;;;ROSES;SEASHELLS;14650.0;1
571400;;;ROSES;SEASHELLS;14647.0;4
571500;;;CHOCOLATE;SEASHELLS;8025.0;7
571900;;;ROSES;SEASHELLS;14650.0;2
572000;;;STRAWBERRIES;SEASHELLS;4044.0;8
572700;;;GIFT_BASKET;SEASHELLS;71438.0;10
573000;;;CHOCOLATE;SEASHELLS;8019.0;7
573100;;;CHOCOLATE;SEASHELLS;8020.0;8
573200;;;ROSES;SEASHELLS;14680.0;5
573300;;;GIFT_BASKET;SEASHELLS;71496.0;1
573800;;;CHOCOLATE;SEASHELLS;8023.0;7
573800;;;STRAWBERRIES;SEASHELLS;4044.0;10
573900;;;CHOCOLATE;SEASHELLS;8025.0;10
573900;;;STRAWBERRIES;SEASHELLS;4044.0;4
573900;;;STRAWBERRIES;SEASHELLS;4044.0;6
573900;;;ROSES;SEASHELLS;14689.0;3
574300;;;ROSES;SEASHELLS;14692.0;5
574700;;;STRAWBERRIES;SEASHELLS;4044.0;9
574800;;;GIFT_BASKET;SEASHELLS;71501.0;2
575300;;;STRAWBERRIES;SEASHELLS;4043.0;10
575800;;;STRAWBERRIES;SEASHELLS;4043.0;10
576100;;;CHOCOLATE;SEASHELLS;8021.0;4
576600;;;ROSES;SEASHELLS;14705.0;3
576900;;;CHOCOLATE;SEASHELLS;8023.0;8
577000;;;ROSES;SEASHELLS;14702.0;1
577400;;;GIFT_BASKET;SEASHELLS;71525.0;1
577400;;;ROSES;SEASHELLS;14689.0;1
577500;;;CHOCOLATE;SEASHELLS;8023.0;5
577500;;;STRAWBERRIES;SEASHELLS;4044.0;5
577600;;;CHOCOLATE;SEASHELLS;8024.0;7
578000;;;CHOCOLATE;SEASHELLS;8025.0;7
578000;;;ROSES;SEASHELLS;14706.0;1
578200;;;STRAWBERRIES;SEASHELLS;4045.0;6
578300;;;GIFT_BASKET;SEASHELLS;71569.0;3
578500;;;STRAWBERRIES;SEASHELLS;4044.0;6
578900;;;CHOCOLATE;SEASHELLS;8022.0;8
579100;;;STRAWBERRIES;SEASHELLS;4043.0;9
579400;;;ROSES;SEASHELLS;14705.0;4
579400;;;CHOCOLATE;SEASHELLS;8022.0;8
579900;;;CHOCOLATE;SEASHELLS;8019.0;5
580300;;;ROSES;SEASHELLS;14712.0;1
580400;;;CHOCOLATE;SEASHELLS;8021.0;6
580800;;;ROSES;SEASHELLS;14706.0;1
581000;;;ROSES;SEASHELLS;14712.0;2
581000;;;STRAWBERRIES;SEASHELLS;4040.0;12
581100;;;STRAWBERRIES;SEASHELLS;4040.0;10
581500;;;ROSES;SEASHELLS;14707.0;1
581800;;;STRAWBERRIES;SEASHELLS;4040.0;7
582200;;;GIFT_BASKET;SEASHELLS;71510.0;1
582200;;;ROSES;SEASHELLS;14705.0;5
582700;;;ROSES;SEASHELLS;14699.0;4
582900;;;ROSES;SEASHELLS;14700.0;1
583100;;;GIFT_BASKET;SEASHELLS;71484.0;5
583300;;;CHOCOLATE;SEASHELLS;8013.0;8
583500;;;STRAWBERRIES;SEASHELLS;4039.0;9
583700;;;CHOCOLATE;SEASHELLS;8013.0;5
584100;;;STRAWBERRIES;SEASHELLS;4039.0;7
584300;;;CHOCOLATE;SEASHELLS;8012.0;7
584700;;;GIFT_BASKET;SEASHELLS;71500.0;1
584800;;;STRAWBERRIES;SEASHELLS;4039.0;8
585100;;;CHOCOLATE;SEASHELLS;8008.0;5
585200;;;CHOCOLATE;SEASHELLS;8009.0;6
585900;;;GIFT_BASKET;SEASHELLS;71463.0;1
585900;;;GIFT_BASKET;SEASHELLS;71462.0;6
586200;;;STRAWBERRIES;SEASHELLS;4038.0;6
586400;;;ROSES;SEASHELLS;14681.0;3
586400;;;STRAWBERRIES;SEASHELLS;4038.0;10
586600;;;ROSES;SEASHELLS;14688.0;4
586900;;;STRAWBERRIES;SEASHELLS;4039.0;6
587500;;;GIFT_BASKET;SEASHELLS;71465.0;6
587500;;;GIFT_BASKET;SEASHELLS;71466.0;2
587800;;;STRAWBERRIES;SEASHELLS;4040.0;9
587900;;;STRAWBERRIES;SEASHELLS;4040.0;8
588000;;;STRAWBERRIES;SEASHELLS;4039.0;10
588500;;;CHOCOLATE;SEASHELLS;8012.0;6
588700;;;ROSES;SEASHELLS;14687.0;11
588800;;;STRAWBERRIES;SEASHELLS;4038.0;6
588900;;;STRAWBERRIES;SEASHELLS;4038.0;5
589000;;;ROSES;SEASHELLS;14680.0;5
589400;;;CHOCOLATE;SEASHELLS;8008.0;8
590100;;;ROSES;SEASHELLS;14692.0;5
590600;;;STRAWBERRIES;SEASHELLS;4040.0;5
590600;;;ROSES;SEASHELLS;14691.0;1
591500;;;CHOCOLATE;SEASHELLS;8008.0;5
591500;;;ROSES;SEASHELLS;14694.0;5
591600;;;GIFT_BASKET;SEASHELLS;71450.0;7
592100;;;ROSES;SEASHELLS;14696.0;5
592300;;;STRAWBERRIES;SEASHELLS;4040.0;9
592400;;;CHOCOLATE;SEASHELLS;8009.0;8
592500;;;ROSES;SEASHELLS;14699.0;3
593200;;;ROSES;SEASHELLS;14703.0;4
593300;;;CHOCOLATE;SEASHELLS;8010.0;8
593400;;;STRAWBERRIES;SEASHELLS;4040.0;6
593400;;;CHOCOLATE;SEASHELLS;8010.0;5
593600;;;ROSES;SEASHELLS;14705.0;2
594600;;;STRAWBERRIES;SEASHELLS;4040.0;8
594700;;;ROSES;SEASHELLS;14713.0;4
594700;;;CHOCOLATE;SEASHELLS;8007.0;7
594700;;;STRAWBERRIES;SEASHELLS;4039.0;5
594800;;;STRAWBERRIES;SEASHELLS;4040.0;8
594900;;;CHOCOLATE;SEASHELLS;8004.0;8
595400;;;CHOCOLATE;SEASHELLS;8006.0;7
595600;;;CHOCOLATE;SEASHELLS;8007.0;6
596100;;;ROSES;SEASHELLS;14715.0;3
596300;;;CHOCOLATE;SEASHELLS;8005.0;5
596700;;;CHOCOLATE;SEASHELLS;8000.0;5
596900;;;STRAWBERRIES;SEASHELLS;4039.0;5
597000;;;CHOCOLATE;SEASHELLS;8001.0;5
597200;;;STRAWBERRIES;SEASHELLS;4038.0;4
597600;;;CHOCOLATE;SEASHELLS;8003.0;6
598000;;;GIFT_BASKET;SEASHELLS;71339.0;5
598100;;;STRAWBERRIES;SEASHELLS;4039.0;3
598400;;;CHOCOLATE;SEASHELLS;7996.0;6
598700;;;CHOCOLATE;SEASHELLS;7996.0;6
598800;;;STRAWBERRIES;SEASHELLS;4041.0;6
599000;;;STRAWBERRIES;SEASHELLS;4041.0;6
599300;;;GIFT_BASKET;SEASHELLS;71368.0;3
599700;;;GIFT_BASKET;SEASHELLS;71375.0;7
599900;;;STRAWBERRIES;SEASHELLS;4040.0;5
600000;;;STRAWBERRIES;SEASHELLS;4041.0;7
600300;;;STRAWBERRIES;SEASHELLS;4040.0;10
600300;;;STRAWBERRIES;SEASHELLS;4040.0;5
600700;;;STRAWBERRIES;SEASHELLS;4042.0;6
601600;;;STRAWBERRIES;SEASHELLS;4039.0;11
601700;;;ROSES;SEASHELLS;14702.0;4
602000;;;CHOCOLATE;SEASHELLS;8007.0;8
602100;;;STRAWBERRIES;SEASHELLS;4039.0;8
602200;;;CHOCOLATE;SEASHELLS;8005.0;5
602300;;;GIFT_BASKET;SEASHELLS;71410.0;3
602500;;;GIFT_BASKET;SEASHELLS;71409.0;2
602700;;;CHOCOLATE;SEASHELLS;8007.0;5
603600;;;STRAWBERRIES;SEASHELLS;4038.0;10
603700;;;ROSES;SEASHELLS;14716.0;11
603700;;;GIFT_BASKET;SEASHELLS;71416.0;1
603700;;;CHOCOLATE;SEASHELLS;8007.0;7
603800;;;STRAWBERRIES;SEASHELLS;4039.0;6
604000;;;STRAWBERRIES;SEASHELLS;4037.0;6
604100;;;CHOCOLATE;SEASHELLS;8005.0;6
604300;;;CHOCOLATE;SEASHELLS;8007.0;5
604500;;;STRAWBERRIES;SEASHELLS;4036.0;12
605000;;;GIFT_BASKET;SEASHELLS;71422.0;2
605200;;;CHOCOLATE;SEASHELLS;8003.0;7
605300;;;CHOCOLATE;SEASHELLS;8005.0;6
605300;;;STRAWBERRIES;SEASHELLS;4037.0;9
605400;;;CHOCOLATE;SEASHELLS;8003.0;6
605600;;;GIFT_BASKET;SEASHELLS;71404.0;1
605700;;;STRAWBERRIES;SEASHELLS;4035.0;3
606100;;;STRAWBERRIES;SEASHELLS;4034.0;4
606100;;;ROSES;SEASHELLS;14730.0;2
606200;;;ROSES;SEASHELLS;14727.0;4
606300;;;ROSES;SEASHELLS;14726.0;2
606400;;;CHOCOLATE;SEASHELLS;8003.0;8
606800;;;ROSES;SEASHELLS;14734.0;1
607100;;;ROSES;SEASHELLS;14739.0;2
607300;;;ROSES;SEASHELLS;14732.0;3
607400;;;CHOCOLATE;SEASHELLS;8004.0;4
607600;;;ROSES;SEASHELLS;14734.0;11
607700;;;STRAWBERRIES;SEASHELLS;4034.0;8
608000;;;STRAWBERRIES;SEASHELLS;4033.0;8
608200;;;ROSES;SEASHELLS;14729.0;1
608200;;;CHOCOLATE;SEASHELLS;8002.0;7
608500;;;ROSES;SEASHELLS;14734.0;4
608800;;;ROSES;SEASHELLS;14731.0;4
609300;;;STRAWBERRIES;SEASHELLS;4034.0;6
610500;;;ROSES;SEASHELLS;14734.0;3
610700;;;STRAWBERRIES;SEASHELLS;4034.0;8
610900;;;STRAWBERRIES;SEASHELLS;4035.0;7
611400;;;ROSES;SEASHELLS;14740.0;3
612000;;;ROSES;SEASHELLS;14735.0;4
612000;;;STRAWBERRIES;SEASHELLS;4036.0;6
612100;;;STRAWBERRIES;SEASHELLS;4037.0;9
612100;;;CHOCOLATE;SEASHELLS;8004.0;6
612200;;;STRAWBERRIES;SEASHELLS;4038.0;9
612300;;;ROSES;SEASHELLS;14735.0;2
612500;;;STRAWBERRIES;SEASHELLS;4038.0;11
612600;;;CHOCOLATE;SEASHELLS;8005.0;7
612700;;;CHOCOLATE;SEASHELLS;8003.0;5
613100;;;CHOCOLATE;SEASHELLS;8006.0;5
613800;;;ROSES;SEASHELLS;14740.0;1
613800;;;GIFT_BASKET;SEASHELLS;71402.0;6
614000;;;CHOCOLATE;SEASHELLS;8003.0;10
614200;;;GIFT_BASKET;SEASHELLS;71404.0;1
614200;;;ROSES;SEASHELLS;14736.0;3
614300;;;CHOCOLATE;SEASHELLS;8003.0;7
614800;;;ROSES;SEASHELLS;14726.0;5
614900;;;STRAWBERRIES;SEASHELLS;4038.0;4
615100;;;ROSES;SEASHELLS;14733.0;1
615600;;;GIFT_BASKET;SEASHELLS;71406.0;1
616300;;;ROSES;SEASHELLS;14741.0;4
616600;;;STRAWBERRIES;SEASHELLS;4038.0;10
616700;;;ROSES;SEASHELLS;14746.0;4
616900;;;CHOCOLATE;SEASHELLS;8002.0;5
616900;;;STRAWBERRIES;SEASHELLS;4037.0;6
617500;;;ROSES;SEASHELLS;14744.0;4
617800;;;ROSES;SEASHELLS;14738.0;3
617800;;;GIFT_BASKET;SEASHELLS;71368.0;1
618500;;;GIFT_BASKET;SEASHELLS;71340.0;8
618700;;;ROSES;SEASHELLS;14724.0;4
619200;;;STRAWBERRIES;SEASHELLS;4036.0;8
619600;;;GIFT_BASKET;SEASHELLS;71343.0;6
619600;;;GIFT_BASKET;SEASHELLS;71344.0;2
620000;;;ROSES;SEASHELLS;14715.0;4
621000;;;STRAWBERRIES;SEASHELLS;4037.0;7
621300;;;ROSES;SEASHELLS;14713.0;3
621700;;;GIFT_BASKET;SEASHELLS;71290.0;1
622000;;;STRAWBERRIES;SEASHELLS;4039.0;9
622400;;;GIFT_BASKET;SEASHELLS;71296.0;4
622600;;;STRAWBERRIES;SEASHELLS;4040.0;4
622800;;;STRAWBERRIES;SEASHELLS;4039.0;4
622900;;;CHOCOLATE;SEASHELLS;7998.0;7
623000;;;ROSES;SEASHELLS;14702.0;4
623100;;;ROSES;SEASHELLS;14705.0;5
623200;;;CHOCOLATE;SEASHELLS;7997.0;8
624100;;;STRAWBERRIES;SEASHELLS;4039.0;4
624400;;;STRAWBERRIES;SEASHELLS;4040.0;7
624900;;;ROSES;SEASHELLS;14680.0;4
625000;;;ROSES;SEASHELLS;14676.0;5
625400;;;CHOCOLATE;SEASHELLS;8000.0;8
625500;;;CHOCOLATE;SEASHELLS;8000.0;8
625900;;;CHOCOLATE;SEASHELLS;8000.0;8
626100;;;ROSES;SEASHELLS;14681.0;1
626200;;;GIFT_BASKET;SEASHELLS;71282.0;9
626200;;;STRAWBERRIES;SEASHELLS;4040.0;7
626500;;;STRAWBERRIES;SEASHELLS;4040.0;5
626800;;;CHOCOLATE;SEASHELLS;8001.0;10
627400;;;ROSES;SEASHELLS;14676.0;4
627800;;;STRAWBERRIES;SEASHELLS;4040.0;4
627800;;;STRAWBERRIES;SEASHELLS;4040.0;10
627900;;;STRAWBERRIES;SEASHELLS;4040.0;5
628100;;;GIFT_BASKET;SEASHELLS;71277.0;1
628400;;;ROSES;SEASHELLS;14678.0;3
628500;;;ROSES;SEASHELLS;14675.0;3
628800;;;STRAWBERRIES;SEASHELLS;4041.0;5
628900;;;ROSES;SEASHELLS;14670.0;4
629100;;;GIFT_BASKET;SEASHELLS;71297.0;6
630500;;;ROSES;SEASHELLS;14660.0;5
630500;;;STRAWBERRIES;SEASHELLS;4044.0;7
630600;;;GIFT_BASKET;SEASHELLS;71279.0;8
630600;;;STRAWBERRIES;SEASHELLS;4044.0;9
631500;;;ROSES;SEASHELLS;14659.0;2
631600;;;CHOCOLATE;SEASHELLS;7996.0;5
632100;;;STRAWBERRIES;SEASHELLS;4044.0;6
632100;;;CHOCOLATE;SEASHELLS;7996.0;8
632300;;;CHOCOLATE;SEASHELLS;7995.0;5
632400;;;ROSES;SEASHELLS;14661.0;4
632700;;;ROSES;SEASHELLS;14661.0;3
632700;;;STRAWBERRIES;SEASHELLS;4045.0;6
632700;;;STRAWBERRIES;SEASHELLS;4045.0;9
632800;;;ROSES;SEASHELLS;14657.0;2
633200;;;STRAWBERRIES;SEASHELLS;4047.0;8
633700;;;CHOCOLATE;SEASHELLS;7991.0;6
634100;;;GIFT_BASKET;SEASHELLS;71269.0;1
634300;;;ROSES;SEASHELLS;14659.0;2
634400;;;STRAWBERRIES;SEASHELLS;4045.0;4
635100;;;GIFT_BASKET;SEASHELLS;71284.0;1
635100;;;ROSES;SEASHELLS;14659.0;5
635200;;;CHOCOLATE;SEASHELLS;7995.0;6
635600;;;ROSES;SEASHELLS;14656.0;3
635700;;;STRAWBERRIES;SEASHELLS;4044.0;9
635700;;;CHOCOLATE;SEASHELLS;7993.0;7
635900;;;STRAWBERRIES;SEASHELLS;4044.0;4
636000;;;ROSES;SEASHELLS;14653.0;3
636200;;;CHOCOLATE;SEASHELLS;7992.0;5
636600;;;STRAWBERRIES;SEASHELLS;4047.0;9
638500;;;STRAWBERRIES;SEASHELLS;4046.0;5
638500;;;CHOCOLATE;SEASHELLS;7985.0;4
638800;;;CHOCOLATE;SEASHELLS;7989.0;7
639900;;;ROSES;SEASHELLS;14623.0;5
639900;;;CHOCOLATE;SEASHELLS;7990.0;6
640000;;;CHOCOLATE;SEASHELLS;7990.0;6
640400;;;CHOCOLATE;SEASHELLS;7989.0;6
640400;;;STRAWBERRIES;SEASHELLS;4047.0;11
640400;;;ROSES;SEASHELLS;14630.0;4
640700;;;STRAWBERRIES;SEASHELLS;4049.0;8
641900;;;STRAWBERRIES;SEASHELLS;4048.0;10
643100;;;CHOCOLATE;SEASHELLS;7990.0;8
643400;;;ROSES;SEASHELLS;14632.0;4
643500;;;STRAWBERRIES;SEASHELLS;4049.0;12
643500;;;STRAWBERRIES;SEASHELLS;4050.0;7
643700;;;ROSES;SEASHELLS;14637.0;5
643700;;;CHOCOLATE;SEASHELLS;7990.0;8
644200;;;CHOCOLATE;SEASHELLS;7993.0;7
644300;;;ROSES;SEASHELLS;14637.0;3
644400;;;ROSES;SEASHELLS;14632.0;3
644700;;;ROSES;SEASHELLS;14638.0;5
645100;;;STRAWBERRIES;SEASHELLS;4052.0;4
646000;;;ROSES;SEASHELLS;14632.0;3
647000;;;STRAWBERRIES;SEASHELLS;4049.0;4
647200;;;ROSES;SEASHELLS;14625.0;1
647500;;;CHOCOLATE;SEASHELLS;7990.0;5
647800;;;STRAWBERRIES;SEASHELLS;4050.0;9
647900;;;CHOCOLATE;SEASHELLS;7991.0;5
648000;;;ROSES;SEASHELLS;14633.0;8
648700;;;CHOCOLATE;SEASHELLS;7995.0;5
648700;;;GIFT_BASKET;SEASHELLS;71268.0;1
648900;;;ROSES;SEASHELLS;14643.0;3
649000;;;CHOCOLATE;SEASHELLS;7992.0;6
649300;;;GIFT_BASKET;SEASHELLS;71293.0;2
649900;;;CHOCOLATE;SEASHELLS;7995.0;6
650100;;;CHOCOLATE;SEASHELLS;7997.0;8
650300;;;GIFT_BASKET;SEASHELLS;71325.0;2
650700;;;GIFT_BASKET;SEASHELLS;71318.0;1
650700;;;ROSES;SEASHELLS;14647.0;1
650800;;;GIFT_BASKET;SEASHELLS;71316.0;1
650800;;;GIFT_BASKET;SEASHELLS;71315.0;3
650900;;;GIFT_BASKET;SEASHELLS;71325.0;1
651000;;;CHOCOLATE;SEASHELLS;7994.0;10
651200;;;STRAWBERRIES;SEASHELLS;4052.0;7
651300;;;STRAWBERRIES;SEASHELLS;4050.0;6
651300;;;ROSES;SEASHELLS;14642.0;3
651500;;;STRAWBERRIES;SEASHELLS;4050.0;9
651500;;;STRAWBERRIES;SEASHELLS;4050.0;4
652000;;;CHOCOLATE;SEASHELLS;7996.0;6
652100;;;CHOCOLATE;SEASHELLS;7996.0;5
652700;;;ROSES;SEASHELLS;14638.0;4
652900;;;CHOCOLATE;SEASHELLS;7993.0;8
653000;;;CHOCOLATE;SEASHELLS;7993.0;6
653100;;;CHOCOLATE;SEASHELLS;7992.0;8
653900;;;ROSES;SEASHELLS;14633.0;5
654100;;;ROSES;SEASHELLS;14636.0;1
654800;;;GIFT_BASKET;SEASHELLS;71264.0;6
655000;;;STRAWBERRIES;SEASHELLS;4047.0;4
655200;;;STRAWBERRIES;SEASHELLS;4046.0;9
655300;;;GIFT_BASKET;SEASHELLS;71265.0;2
655400;;;STRAWBERRIES;SEASHELLS;4046.0;6
655700;;;GIFT_BASKET;SEASHELLS;71262.0;1
655700;;;STRAWBERRIES;SEASHELLS;4045.0;4
655700;;;GIFT_BASKET;SEASHELLS;71261.0;6
656000;;;STRAWBERRIES;SEASHELLS;4047.0;9
656300;;;ROSES;SEASHELLS;14614.0;1
656400;;;GIFT_BASKET;SEASHELLS;71265.0;2
656500;;;CHOCOLATE;SEASHELLS;7992.0;5
656900;;;CHOCOLATE;SEASHELLS;7992.0;8
657100;;;STRAWBERRIES;SEASHELLS;4048.0;4
657300;;;ROSES;SEASHELLS;14613.0;2
657400;;;ROSES;SEASHELLS;14614.0;1
658000;;;STRAWBERRIES;SEASHELLS;4048.0;10
658100;;;GIFT_BASKET;SEASHELLS;71260.0;2
658200;;;GIFT_BASKET;SEASHELLS;71251.0;8
658400;;;STRAWBERRIES;SEASHELLS;4049.0;6
658400;;;STRAWBERRIES;SEASHELLS;4049.0;10
658500;;;STRAWBERRIES;SEASHELLS;4049.0;11
659000;;;GIFT_BASKET;SEASHELLS;71335.0;2
659200;;;STRAWBERRIES;SEASHELLS;4050.0;10
659500;;;GIFT_BASKET;SEASHELLS;71322.0;1
660600;;;CHOCOLATE;SEASHELLS;7996.0;5
660700;;;STRAWBERRIES;SEASHELLS;4050.0;7
661000;;;ROSES;SEASHELLS;14631.0;3
661500;;;ROSES;SEASHELLS;14637.0;5
661600;;;STRAWBERRIES;SEASHELLS;4050.0;7
661700;;;CHOCOLATE;SEASHELLS;7997.0;6
662000;;;ROSES;SEASHELLS;14628.0;2
662100;;;ROSES;SEASHELLS;14626.0;1
662300;;;GIFT_BASKET;SEASHELLS;71394.0;2
662300;;;GIFT_BASKET;SEASHELLS;71393.0;3
662900;;;STRAWBERRIES;SEASHELLS;4052.0;4
662900;;;CHOCOLATE;SEASHELLS;7998.0;8
663300;;;ROSES;SEASHELLS;14625.0;3
663400;;;STRAWBERRIES;SEASHELLS;4051.0;8
663700;;;ROSES;SEASHELLS;14614.0;1
663700;;;CHOCOLATE;SEASHELLS;7995.0;6
664500;;;ROSES;SEASHELLS;14608.0;4
664600;;;GIFT_BASKET;SEASHELLS;71340.0;1
664700;;;ROSES;SEASHELLS;14607.0;4
664800;;;ROSES;SEASHELLS;14612.0;5
664900;;;ROSES;SEASHELLS;14613.0;5
665100;;;GIFT_BASKET;SEASHELLS;71335.0;2
665100;;;GIFT_BASKET;SEASHELLS;71335.0;3
665300;;;STRAWBERRIES;SEASHELLS;4046.0;4
665300;;;ROSES;SEASHELLS;14616.0;1
665400;;;ROSES;SEASHELLS;14614.0;4
665700;;;CHOCOLATE;SEASHELLS;8002.0;7
666000;;;ROSES;SEASHELLS;14614.0;4
666100;;;STRAWBERRIES;SEASHELLS;4045.0;11
666800;;;STRAWBERRIES;SEASHELLS;4049.0;6
667000;;;CHOCOLATE;SEASHELLS;7998.0;7
667200;;;GIFT_BASKET;SEASHELLS;71330.0;5
667300;;;CHOCOLATE;SEASHELLS;7997.0;5
667700;;;CHOCOLATE;SEASHELLS;7999.0;5
667800;;;ROSES;SEASHELLS;14603.0;3
668300;;;STRAWBERRIES;SEASHELLS;4048.0;7
669100;;;CHOCOLATE;SEASHELLS;8002.0;5
669200;;;STRAWBERRIES;SEASHELLS;4046.0;9
669600;;;CHOCOLATE;SEASHELLS;8001.0;5
669900;;;CHOCOLATE;SEASHELLS;8002.0;10
670500;;;GIFT_BASKET;SEASHELLS;71338.0;1
671100;;;ROSES;SEASHELLS;14616.0;5
671700;;;STRAWBERRIES;SEASHELLS;4048.0;8
671900;;;STRAWBERRIES;SEASHELLS;4050.0;8
