timestamp;buyer;seller;symbol;currency;price;quantity
0;;;CHOCOLATE;SEASHELLS;7888.0;8
200;;;CHOCOLATE;SEASHELLS;7891.0;8
200;;;STRAWBERRIES;SEASHELLS;4038.0;7
600;;;CHOCOLATE;SEASHELLS;7890.0;5
700;;;STRAWBERRIES;SEASHELLS;4037.0;3
1000;;;STRAWBERRIES;SEASHELLS;4038.0;4
1200;;;STRAWBERRIES;SEASHELLS;4036.0;9
1300;;;GIFT_BASKET;SEASHELLS;70633.0;6
1600;;;CHOCOLATE;SEASHELLS;7892.0;8
1700;;;ROSES;SEASHELLS;14418.0;3
2000;;;ROSES;SEASHELLS;14416.0;2
2300;;;ROSES;SEASHELLS;14413.0;2
2500;;;STRAWBERRIES;SEASHELLS;4038.0;6
2800;;;STRAWBERRIES;SEASHELLS;4037.0;9
2900;;;STRAWBERRIES;SEASHELLS;4036.0;10
5000;;;CHOCOLATE;SEASHELLS;7887.0;4
5500;;;STRAWBERRIES;SEASHELLS;4036.0;4
5700;;;GIFT_BASKET;SEASHELLS;70637.0;1
5700;;;GIFT_BASKET;SEASHELLS;70636.0;1
6100;;;ROSES;SEASHELLS;14420.0;5
6200;;;STRAWBERRIES;SEASHELLS;4036.0;3
6400;;;CHOCOLATE;SEASHELLS;7897.0;8
6800;;;STRAWBERRIES;SEASHELLS;4036.0;5
6900;;;ROSES;SEASHELLS;14419.0;2
7100;;;CHOCOLATE;SEASHELLS;7895.0;7
7200;;;CHOCOLATE;SEASHELLS;7894.0;5
7300;;;STRAWBERRIES;SEASHELLS;4036.0;8
7300;;;GIFT_BASKET;SEASHELLS;70628.0;1
7400;;;STRAWBERRIES;SEASHELLS;4036.0;6
7500;;;STRAWBERRIES;SEASHELLS;4037.0;7
7900;;;CHOCOLATE;SEASHELLS;7893.0;8
7900;;;STRAWBERRIES;SEASHELLS;4034.0;5
8200;;;STRAWBERRIES;SEASHELLS;4033.0;5
8900;;;GIFT_BASKET;SEASHELLS;70607.0;2
8900;;;GIFT_BASKET;SEASHELLS;70607.0;1
9100;;;CHOCOLATE;SEASHELLS;7896.0;5
9100;;;GIFT_BASKET;SEASHELLS;70602.0;1
9300;;;STRAWBERRIES;SEASHELLS;4035.0;9
9800;;;ROSES;SEASHELLS;14390.0;4
9900;;;STRAWBERRIES;SEASHELLS;4035.0;5
10000;;;CHOCOLATE;SEASHELLS;7898.0;8
10100;;;STRAWBERRIES;SEASHELLS;4035.0;4
10300;;;ROSES;SEASHELLS;14388.0;3
10800;;;STRAWBERRIES;SEASHELLS;4033.0;8
12100;;;ROSES;SEASHELLS;14388.0;1
12700;;;CHOCOLATE;SEASHELLS;7895.0;7
13000;;;STRAWBERRIES;SEASHELLS;4033.0;8
13200;;;GIFT_BASKET;SEASHELLS;70575.0;1
13300;;;STRAWBERRIES;SEASHELLS;4033.0;8
13700;;;CHOCOLATE;SEASHELLS;7894.0;7
14200;;;CHOCOLATE;SEASHELLS;7894.0;6
14300;;;STRAWBERRIES;SEASHELLS;4032.0;5
14400;;;STRAWBERRIES;SEASHELLS;4034.0;6
14700;;;ROSES;SEASHELLS;14411.0;1
14800;;;CHOCOLATE;SEASHELLS;7896.0;10
15000;;;CHOCOLATE;SEASHELLS;7893.0;5
15200;;;STRAWBERRIES;SEASHELLS;4035.0;5
15800;;;CHOCOLATE;SEASHELLS;7898.0;7
16200;;;ROSES;SEASHELLS;14413.0;4
16700;;;ROSES;SEASHELLS;14414.0;3
16800;;;STRAWBERRIES;SEASHELLS;4032.0;6
16900;;;CHOCOLATE;SEASHELLS;7893.0;5
18300;;;ROSES;SEASHELLS;14419.0;6
18800;;;ROSES;SEASHELLS;14416.0;4
19000;;;CHOCOLATE;SEASHELLS;7894.0;7
19400;;;STRAWBERRIES;SEASHELLS;4031.0;7
19600;;;ROSES;SEASHELLS;14407.0;5
19900;;;CHOCOLATE;SEASHELLS;7894.0;5
20000;;;ROSES;SEASHELLS;14403.0;1
20300;;;CHOCOLATE;SEASHELLS;7897.0;6
20800;;;STRAWBERRIES;SEASHELLS;4032.0;4
21000;;;GIFT_BASKET;SEASHELLS;70601.0;2
21100;;;ROSES;SEASHELLS;14398.0;5
21400;;;STRAWBERRIES;SEASHELLS;4032.0;5
21600;;;CHOCOLATE;SEASHELLS;7886.0;8
21700;;;ROSES;SEASHELLS;14380.0;3
21800;;;CHOCOLATE;SEASHELLS;7889.0;7
21800;;;ROSES;SEASHELLS;14378.0;5
22100;;;ROSES;SEASHELLS;14378.0;1
22400;;;STRAWBERRIES;SEASHELLS;4032.0;9
22900;;;ROSES;SEASHELLS;14363.0;5
23100;;;STRAWBERRIES;SEASHELLS;4035.0;8
23200;;;ROSES;SEASHELLS;14368.0;3
23600;;;STRAWBERRIES;SEASHELLS;4034.0;3
23600;;;ROSES;SEASHELLS;14367.0;2
23900;;;GIFT_BASKET;SEASHELLS;70527.0;4
23900;;;GIFT_BASKET;SEASHELLS;70528.0;2
24000;;;STRAWBERRIES;SEASHELLS;4034.0;9
24300;;;ROSES;SEASHELLS;14358.0;1
24400;;;ROSES;SEASHELLS;14359.0;3
24500;;;STRAWBERRIES;SEASHELLS;4034.0;10
24600;;;STRAWBERRIES;SEASHELLS;4034.0;8
24900;;;ROSES;SEASHELLS;14371.0;3
25100;;;GIFT_BASKET;SEASHELLS;70522.0;1
25400;;;GIFT_BASKET;SEASHELLS;70528.0;2
25500;;;ROSES;SEASHELLS;14382.0;3
25600;;;ROSES;SEASHELLS;14384.0;3
25800;;;CHOCOLATE;SEASHELLS;7887.0;8
25800;;;STRAWBERRIES;SEASHELLS;4037.0;4
26400;;;GIFT_BASKET;SEASHELLS;70541.0;1
26400;;;GIFT_BASKET;SEASHELLS;70540.0;6
26800;;;CHOCOLATE;SEASHELLS;7883.0;8
26900;;;STRAWBERRIES;SEASHELLS;4036.0;8
27500;;;STRAWBERRIES;SEASHELLS;4037.0;12
27900;;;CHOCOLATE;SEASHELLS;7884.0;8
28000;;;ROSES;SEASHELLS;14387.0;5
29500;;;STRAWBERRIES;SEASHELLS;4036.0;8
29700;;;ROSES;SEASHELLS;14394.0;5
30000;;;STRAWBERRIES;SEASHELLS;4036.0;8
30100;;;STRAWBERRIES;SEASHELLS;4036.0;10
30800;;;STRAWBERRIES;SEASHELLS;4033.0;9
30800;;;CHOCOLATE;SEASHELLS;7890.0;6
30900;;;STRAWBERRIES;SEASHELLS;4034.0;6
30900;;;ROSES;SEASHELLS;14398.0;4
31000;;;STRAWBERRIES;SEASHELLS;4032.0;9
31000;;;ROSES;SEASHELLS;14394.0;3
31200;;;ROSES;SEASHELLS;14394.0;4
31600;;;ROSES;SEASHELLS;14394.0;2
31700;;;ROSES;SEASHELLS;14397.0;3
32300;;;ROSES;SEASHELLS;14398.0;1
32400;;;STRAWBERRIES;SEASHELLS;4031.0;8
32400;;;GIFT_BASKET;SEASHELLS;70563.0;1
32500;;;ROSES;SEASHELLS;14397.0;1
32600;;;CHOCOLATE;SEASHELLS;7892.0;9
32700;;;GIFT_BASKET;SEASHELLS;70580.0;1
33200;;;ROSES;SEASHELLS;14388.0;6
33200;;;CHOCOLATE;SEASHELLS;7894.0;9
33300;;;ROSES;SEASHELLS;14390.0;4
33600;;;GIFT_BASKET;SEASHELLS;70600.0;2
33800;;;STRAWBERRIES;SEASHELLS;4033.0;10
34700;;;CHOCOLATE;SEASHELLS;7892.0;5
35100;;;STRAWBERRIES;SEASHELLS;4034.0;8
35200;;;STRAWBERRIES;SEASHELLS;4034.0;7
35400;;;CHOCOLATE;SEASHELLS;7889.0;5
35500;;;STRAWBERRIES;SEASHELLS;4034.0;7
35800;;;STRAWBERRIES;SEASHELLS;4034.0;3
35900;;;STRAWBERRIES;SEASHELLS;4035.0;5
36100;;;ROSES;SEASHELLS;14382.0;2
37000;;;CHOCOLATE;SEASHELLS;7889.0;7
37000;;;GIFT_BASKET;SEASHELLS;70578.0;9
37300;;;STRAWBERRIES;SEASHELLS;4035.0;9
37300;;;GIFT_BASKET;SEASHELLS;70590.0;10
39300;;;GIFT_BASKET;SEASHELLS;70592.0;5
39400;;;STRAWBERRIES;SEASHELLS;4035.0;8
39500;;;ROSES;SEASHELLS;14387.0;3
39600;;;CHOCOLATE;SEASHELLS;7888.0;6
39900;;;CHOCOLATE;SEASHELLS;7890.0;6
40100;;;STRAWBERRIES;SEASHELLS;4037.0;4
40200;;;STRAWBERRIES;SEASHELLS;4038.0;8
40400;;;STRAWBERRIES;SEASHELLS;4038.0;7
40500;;;CHOCOLATE;SEASHELLS;7888.0;5
41100;;;ROSES;SEASHELLS;14366.0;3
41200;;;STRAWBERRIES;SEASHELLS;4038.0;10
41400;;;GIFT_BASKET;SEASHELLS;70541.0;4
41400;;;GIFT_BASKET;SEASHELLS;70542.0;2
41600;;;CHOCOLATE;SEASHELLS;7892.0;8
41900;;;STRAWBERRIES;SEASHELLS;4038.0;8
42000;;;STRAWBERRIES;SEASHELLS;4037.0;5
42200;;;CHOCOLATE;SEASHELLS;7891.0;6
42600;;;ROSES;SEASHELLS;14348.0;3
42900;;;ROSES;SEASHELLS;14348.0;5
43200;;;CHOCOLATE;SEASHELLS;7890.0;8
43400;;;ROSES;SEASHELLS;14358.0;3
43400;;;CHOCOLATE;SEASHELLS;7889.0;8
43800;;;STRAWBERRIES;SEASHELLS;4037.0;10
44100;;;CHOCOLATE;SEASHELLS;7889.0;7
44300;;;ROSES;SEASHELLS;14350.0;2
44800;;;GIFT_BASKET;SEASHELLS;70492.0;1
44800;;;GIFT_BASKET;SEASHELLS;70491.0;1
44800;;;STRAWBERRIES;SEASHELLS;4038.0;4
45000;;;ROSES;SEASHELLS;14349.0;3
45200;;;GIFT_BASKET;SEASHELLS;70489.0;7
45500;;;STRAWBERRIES;SEASHELLS;4036.0;9
46500;;;CHOCOLATE;SEASHELLS;7892.0;5
46800;;;CHOCOLATE;SEASHELLS;7894.0;6
47100;;;STRAWBERRIES;SEASHELLS;4035.0;3
47200;;;CHOCOLATE;SEASHELLS;7891.0;7
47600;;;STRAWBERRIES;SEASHELLS;4038.0;9
47700;;;CHOCOLATE;SEASHELLS;7893.0;5
47800;;;CHOCOLATE;SEASHELLS;7895.0;7
48000;;;STRAWBERRIES;SEASHELLS;4039.0;10
48200;;;STRAWBERRIES;SEASHELLS;4037.0;4
48300;;;GIFT_BASKET;SEASHELLS;70539.0;2
49000;;;STRAWBERRIES;SEASHELLS;4037.0;5
49200;;;CHOCOLATE;SEASHELLS;7896.0;8
49400;;;STRAWBERRIES;SEASHELLS;4038.0;8
49500;;;STRAWBERRIES;SEASHELLS;4036.0;6
49600;;;CHOCOLATE;SEASHELLS;7897.0;6
50000;;;STRAWBERRIES;SEASHELLS;4038.0;6
50200;;;ROSES;SEASHELLS;14377.0;5
50200;;;GIFT_BASKET;SEASHELLS;70553.0;1
50500;;;CHOCOLATE;SEASHELLS;7899.0;6
50800;;;ROSES;SEASHELLS;14384.0;1
52100;;;ROSES;SEASHELLS;14391.0;5
52300;;;ROSES;SEASHELLS;14390.0;5
52500;;;GIFT_BASKET;SEASHELLS;70596.0;2
52500;;;ROSES;SEASHELLS;14387.0;4
53000;;;ROSES;SEASHELLS;14388.0;2
53100;;;ROSES;SEASHELLS;14388.0;5
53300;;;STRAWBERRIES;SEASHELLS;4040.0;9
53400;;;CHOCOLATE;SEASHELLS;7892.0;6
53700;;;STRAWBERRIES;SEASHELLS;4041.0;10
53800;;;ROSES;SEASHELLS;14394.0;2
53900;;;CHOCOLATE;SEASHELLS;7889.0;7
54200;;;ROSES;SEASHELLS;14392.0;1
54300;;;STRAWBERRIES;SEASHELLS;4042.0;6
54500;;;STRAWBERRIES;SEASHELLS;4040.0;12
54800;;;ROSES;SEASHELLS;14386.0;1
55000;;;STRAWBERRIES;SEASHELLS;4040.0;8
55100;;;CHOCOLATE;SEASHELLS;7890.0;7
55100;;;STRAWBERRIES;SEASHELLS;4039.0;9
55200;;;CHOCOLATE;SEASHELLS;7892.0;5
55400;;;STRAWBERRIES;SEASHELLS;4042.0;5
56100;;;CHOCOLATE;SEASHELLS;7889.0;8
56300;;;GIFT_BASKET;SEASHELLS;70531.0;2
57100;;;GIFT_BASKET;SEASHELLS;70588.0;6
58100;;;ROSES;SEASHELLS;14369.0;2
58400;;;GIFT_BASKET;SEASHELLS;70566.0;2
58600;;;GIFT_BASKET;SEASHELLS;70562.0;1
58600;;;STRAWBERRIES;SEASHELLS;4044.0;6
58700;;;STRAWBERRIES;SEASHELLS;4045.0;4
58800;;;STRAWBERRIES;SEASHELLS;4044.0;8
58900;;;STRAWBERRIES;SEASHELLS;4043.0;6
59000;;;ROSES;SEASHELLS;14361.0;1
59100;;;GIFT_BASKET;SEASHELLS;70580.0;2
59200;;;CHOCOLATE;SEASHELLS;7896.0;6
59200;;;GIFT_BASKET;SEASHELLS;70595.0;2
59400;;;ROSES;SEASHELLS;14358.0;1
59700;;;STRAWBERRIES;SEASHELLS;4044.0;8
59800;;;GIFT_BASKET;SEASHELLS;70637.0;6
59800;;;CHOCOLATE;SEASHELLS;7896.0;8
60000;;;GIFT_BASKET;SEASHELLS;70615.0;8
60200;;;ROSES;SEASHELLS;14361.0;4
60300;;;STRAWBERRIES;SEASHELLS;4045.0;9
60300;;;GIFT_BASKET;SEASHELLS;70623.0;2
60700;;;ROSES;SEASHELLS;14360.0;1
61100;;;ROSES;SEASHELLS;14353.0;2
61200;;;CHOCOLATE;SEASHELLS;7899.0;10
61200;;;STRAWBERRIES;SEASHELLS;4045.0;4
61300;;;STRAWBERRIES;SEASHELLS;4045.0;10
61500;;;STRAWBERRIES;SEASHELLS;4044.0;9
61600;;;STRAWBERRIES;SEASHELLS;4043.0;4
62000;;;ROSES;SEASHELLS;14342.0;6
62000;;;STRAWBERRIES;SEASHELLS;4046.0;10
62600;;;ROSES;SEASHELLS;14357.0;4
62900;;;ROSES;SEASHELLS;14355.0;5
63000;;;ROSES;SEASHELLS;14358.0;5
63500;;;ROSES;SEASHELLS;14355.0;4
63800;;;ROSES;SEASHELLS;14367.0;4
64100;;;CHOCOLATE;SEASHELLS;7903.0;6
64100;;;ROSES;SEASHELLS;14372.0;5
64400;;;STRAWBERRIES;SEASHELLS;4043.0;6
64400;;;ROSES;SEASHELLS;14381.0;4
64600;;;ROSES;SEASHELLS;14384.0;5
65100;;;CHOCOLATE;SEASHELLS;7900.0;8
65200;;;CHOCOLATE;SEASHELLS;7902.0;5
65300;;;STRAWBERRIES;SEASHELLS;4043.0;10
65300;;;CHOCOLATE;SEASHELLS;7902.0;6
65400;;;ROSES;SEASHELLS;14385.0;4
65400;;;CHOCOLATE;SEASHELLS;7901.0;8
65500;;;CHOCOLATE;SEASHELLS;7901.0;5
66400;;;GIFT_BASKET;SEASHELLS;70667.0;2
66400;;;GIFT_BASKET;SEASHELLS;70666.0;3
67300;;;ROSES;SEASHELLS;14394.0;5
67400;;;GIFT_BASKET;SEASHELLS;70679.0;2
67900;;;STRAWBERRIES;SEASHELLS;4044.0;10
68100;;;GIFT_BASKET;SEASHELLS;70669.0;2
68200;;;STRAWBERRIES;SEASHELLS;4045.0;4
68400;;;CHOCOLATE;SEASHELLS;7905.0;6
68600;;;ROSES;SEASHELLS;14402.0;3
69100;;;ROSES;SEASHELLS;14407.0;2
69500;;;GIFT_BASKET;SEASHELLS;70689.0;1
69500;;;GIFT_BASKET;SEASHELLS;70688.0;4
69800;;;CHOCOLATE;SEASHELLS;7900.0;5
70300;;;ROSES;SEASHELLS;14392.0;5
70300;;;GIFT_BASKET;SEASHELLS;70700.0;1
70300;;;GIFT_BASKET;SEASHELLS;70699.0;7
70600;;;CHOCOLATE;SEASHELLS;7909.0;8
71100;;;CHOCOLATE;SEASHELLS;7911.0;5
71200;;;STRAWBERRIES;SEASHELLS;4043.0;7
71500;;;CHOCOLATE;SEASHELLS;7908.0;10
71700;;;ROSES;SEASHELLS;14390.0;3
72000;;;ROSES;SEASHELLS;14388.0;1
72100;;;GIFT_BASKET;SEASHELLS;70705.0;8
72600;;;STRAWBERRIES;SEASHELLS;4044.0;12
72600;;;ROSES;SEASHELLS;14399.0;4
72600;;;CHOCOLATE;SEASHELLS;7906.0;7
72700;;;GIFT_BASKET;SEASHELLS;70715.0;2
72700;;;STRAWBERRIES;SEASHELLS;4045.0;7
73100;;;STRAWBERRIES;SEASHELLS;4043.0;8
73500;;;GIFT_BASKET;SEASHELLS;70722.0;6
73600;;;STRAWBERRIES;SEASHELLS;4043.0;8
73700;;;GIFT_BASKET;SEASHELLS;70746.0;8
73800;;;ROSES;SEASHELLS;14403.0;4
74000;;;ROSES;SEASHELLS;14410.0;4
74400;;;CHOCOLATE;SEASHELLS;7906.0;5
74400;;;CHOCOLATE;SEASHELLS;7904.0;6
74400;;;ROSES;SEASHELLS;14410.0;4
74500;;;GIFT_BASKET;SEASHELLS;70754.0;5
74500;;;GIFT_BASKET;SEASHELLS;70754.0;10
74500;;;GIFT_BASKET;SEASHELLS;70755.0;2
74900;;;ROSES;SEASHELLS;14411.0;3
75100;;;CHOCOLATE;SEASHELLS;7905.0;6
75700;;;ROSES;SEASHELLS;14405.0;4
76000;;;STRAWBERRIES;SEASHELLS;4043.0;6
76500;;;CHOCOLATE;SEASHELLS;7910.0;5
76800;;;CHOCOLATE;SEASHELLS;7911.0;7
76900;;;CHOCOLATE;SEASHELLS;7911.0;5
77200;;;CHOCOLATE;SEASHELLS;7910.0;9
77500;;;CHOCOLATE;SEASHELLS;7911.0;4
78200;;;STRAWBERRIES;SEASHELLS;4040.0;7
79000;;;CHOCOLATE;SEASHELLS;7911.0;8
79100;;;ROSES;SEASHELLS;14416.0;4
79200;;;CHOCOLATE;SEASHELLS;7909.0;8
79600;;;ROSES;SEASHELLS;14410.0;2
80500;;;CHOCOLATE;SEASHELLS;7906.0;5
80800;;;CHOCOLATE;SEASHELLS;7906.0;5
80900;;;STRAWBERRIES;SEASHELLS;4042.0;7
81600;;;CHOCOLATE;SEASHELLS;7901.0;8
81700;;;CHOCOLATE;SEASHELLS;7903.0;5
81900;;;GIFT_BASKET;SEASHELLS;70715.0;6
81900;;;STRAWBERRIES;SEASHELLS;4043.0;6
81900;;;GIFT_BASKET;SEASHELLS;70715.0;2
82500;;;GIFT_BASKET;SEASHELLS;70679.0;2
82800;;;CHOCOLATE;SEASHELLS;7902.0;5
82800;;;STRAWBERRIES;SEASHELLS;4042.0;7
83100;;;CHOCOLATE;SEASHELLS;7904.0;8
83200;;;ROSES;SEASHELLS;14389.0;1
83500;;;STRAWBERRIES;SEASHELLS;4043.0;8
83800;;;ROSES;SEASHELLS;14395.0;4
83900;;;STRAWBERRIES;SEASHELLS;4041.0;5
84100;;;GIFT_BASKET;SEASHELLS;70710.0;2
84100;;;GIFT_BASKET;SEASHELLS;70710.0;3
84300;;;ROSES;SEASHELLS;14401.0;5
84700;;;STRAWBERRIES;SEASHELLS;4042.0;4
84800;;;GIFT_BASKET;SEASHELLS;70713.0;8
85000;;;STRAWBERRIES;SEASHELLS;4042.0;8
85200;;;STRAWBERRIES;SEASHELLS;4042.0;9
85600;;;CHOCOLATE;SEASHELLS;7901.0;8
85600;;;STRAWBERRIES;SEASHELLS;4043.0;8
86000;;;STRAWBERRIES;SEASHELLS;4043.0;4
86400;;;STRAWBERRIES;SEASHELLS;4042.0;8
86500;;;STRAWBERRIES;SEASHELLS;4040.0;4
86700;;;STRAWBERRIES;SEASHELLS;4039.0;5
86700;;;GIFT_BASKET;SEASHELLS;70664.0;2
86800;;;ROSES;SEASHELLS;14404.0;1
87000;;;ROSES;SEASHELLS;14398.0;4
87100;;;ROSES;SEASHELLS;14397.0;3
87300;;;STRAWBERRIES;SEASHELLS;4040.0;5
87300;;;STRAWBERRIES;SEASHELLS;4040.0;11
87400;;;STRAWBERRIES;SEASHELLS;4040.0;7
87700;;;GIFT_BASKET;SEASHELLS;70698.0;1
87800;;;STRAWBERRIES;SEASHELLS;4040.0;7
88000;;;ROSES;SEASHELLS;14406.0;5
88000;;;ROSES;SEASHELLS;14407.0;1
88000;;;STRAWBERRIES;SEASHELLS;4040.0;3
88000;;;GIFT_BASKET;SEASHELLS;70693.0;1
88300;;;ROSES;SEASHELLS;14409.0;1
88600;;;STRAWBERRIES;SEASHELLS;4041.0;3
89100;;;STRAWBERRIES;SEASHELLS;4043.0;6
89400;;;ROSES;SEASHELLS;14403.0;3
89500;;;CHOCOLATE;SEASHELLS;7902.0;7
89800;;;CHOCOLATE;SEASHELLS;7900.0;10
89900;;;STRAWBERRIES;SEASHELLS;4042.0;4
89900;;;GIFT_BASKET;SEASHELLS;70708.0;10
89900;;;ROSES;SEASHELLS;14407.0;3
90200;;;STRAWBERRIES;SEASHELLS;4042.0;8
90300;;;ROSES;SEASHELLS;14406.0;2
90500;;;STRAWBERRIES;SEASHELLS;4043.0;7
90700;;;STRAWBERRIES;SEASHELLS;4042.0;4
90700;;;GIFT_BASKET;SEASHELLS;70700.0;6
90700;;;ROSES;SEASHELLS;14413.0;2
90700;;;GIFT_BASKET;SEASHELLS;70701.0;2
91200;;;STRAWBERRIES;SEASHELLS;4043.0;8
91200;;;STRAWBERRIES;SEASHELLS;4042.0;12
91300;;;GIFT_BASKET;SEASHELLS;70751.0;1
91600;;;STRAWBERRIES;SEASHELLS;4044.0;7
91700;;;ROSES;SEASHELLS;14420.0;4
91800;;;CHOCOLATE;SEASHELLS;7901.0;6
91800;;;GIFT_BASKET;SEASHELLS;70734.0;2
91900;;;STRAWBERRIES;SEASHELLS;4043.0;6
92100;;;GIFT_BASKET;SEASHELLS;70750.0;8
92400;;;STRAWBERRIES;SEASHELLS;4041.0;7
92500;;;ROSES;SEASHELLS;14426.0;1
93500;;;GIFT_BASKET;SEASHELLS;70767.0;2
93600;;;ROSES;SEASHELLS;14425.0;4
93900;;;STRAWBERRIES;SEASHELLS;4042.0;10
93900;;;CHOCOLATE;SEASHELLS;7904.0;8
94100;;;STRAWBERRIES;SEASHELLS;4043.0;9
94200;;;ROSES;SEASHELLS;14413.0;3
94600;;;STRAWBERRIES;SEASHELLS;4041.0;6
95500;;;GIFT_BASKET;SEASHELLS;70693.0;5
95500;;;STRAWBERRIES;SEASHELLS;4044.0;8
95600;;;STRAWBERRIES;SEASHELLS;4043.0;4
95800;;;STRAWBERRIES;SEASHELLS;4042.0;7
96300;;;CHOCOLATE;SEASHELLS;7898.0;4
96400;;;STRAWBERRIES;SEASHELLS;4043.0;5
96700;;;CHOCOLATE;SEASHELLS;7898.0;10
97200;;;ROSES;SEASHELLS;14412.0;5
97400;;;STRAWBERRIES;SEASHELLS;4042.0;9
97500;;;GIFT_BASKET;SEASHELLS;70676.0;5
97500;;;ROSES;SEASHELLS;14415.0;2
97600;;;GIFT_BASKET;SEASHELLS;70670.0;3
97600;;;GIFT_BASKET;SEASHELLS;70671.0;1
97800;;;ROSES;SEASHELLS;14412.0;1
97900;;;GIFT_BASKET;SEASHELLS;70689.0;2
98000;;;STRAWBERRIES;SEASHELLS;4044.0;9
98100;;;CHOCOLATE;SEASHELLS;7900.0;5
98300;;;GIFT_BASKET;SEASHELLS;70711.0;10
98300;;;GIFT_BASKET;SEASHELLS;70712.0;1
98500;;;CHOCOLATE;SEASHELLS;7899.0;4
99100;;;ROSES;SEASHELLS;14408.0;1
99200;;;STRAWBERRIES;SEASHELLS;4046.0;5
99300;;;STRAWBERRIES;SEASHELLS;4044.0;4
99400;;;CHOCOLATE;SEASHELLS;7897.0;8
100800;;;ROSES;SEASHELLS;14403.0;2
101200;;;ROSES;SEASHELLS;14411.0;2
101300;;;STRAWBERRIES;SEASHELLS;4044.0;5
102300;;;CHOCOLATE;SEASHELLS;7905.0;7
102900;;;CHOCOLATE;SEASHELLS;7898.0;7
103100;;;STRAWBERRIES;SEASHELLS;4044.0;5
103400;;;ROSES;SEASHELLS;14412.0;1
103500;;;ROSES;SEASHELLS;14408.0;5
103600;;;CHOCOLATE;SEASHELLS;7897.0;5
104500;;;ROSES;SEASHELLS;14407.0;3
104700;;;ROSES;SEASHELLS;14404.0;3
105100;;;CHOCOLATE;SEASHELLS;7893.0;6
105400;;;STRAWBERRIES;SEASHELLS;4045.0;9
105700;;;ROSES;SEASHELLS;14402.0;5
106000;;;STRAWBERRIES;SEASHELLS;4044.0;6
107000;;;CHOCOLATE;SEASHELLS;7894.0;5
107000;;;STRAWBERRIES;SEASHELLS;4042.0;4
107100;;;ROSES;SEASHELLS;14417.0;4
107100;;;STRAWBERRIES;SEASHELLS;4043.0;8
108100;;;CHOCOLATE;SEASHELLS;7900.0;7
108500;;;ROSES;SEASHELLS;14430.0;1
109000;;;ROSES;SEASHELLS;14437.0;1
109200;;;ROSES;SEASHELLS;14436.0;1
109200;;;GIFT_BASKET;SEASHELLS;70792.0;7
109400;;;CHOCOLATE;SEASHELLS;7898.0;6
109400;;;STRAWBERRIES;SEASHELLS;4043.0;9
109600;;;GIFT_BASKET;SEASHELLS;70754.0;1
109600;;;GIFT_BASKET;SEASHELLS;70754.0;2
109900;;;STRAWBERRIES;SEASHELLS;4044.0;5
109900;;;ROSES;SEASHELLS;14440.0;2
109900;;;GIFT_BASKET;SEASHELLS;70793.0;5
110000;;;CHOCOLATE;SEASHELLS;7901.0;7
110000;;;STRAWBERRIES;SEASHELLS;4044.0;4
110400;;;GIFT_BASKET;SEASHELLS;70812.0;6
110600;;;STRAWBERRIES;SEASHELLS;4044.0;8
110700;;;CHOCOLATE;SEASHELLS;7903.0;6
111500;;;CHOCOLATE;SEASHELLS;7908.0;6
111700;;;GIFT_BASKET;SEASHELLS;70826.0;1
111800;;;STRAWBERRIES;SEASHELLS;4048.0;6
111800;;;GIFT_BASKET;SEASHELLS;70817.0;5
112500;;;ROSES;SEASHELLS;14453.0;3
113100;;;STRAWBERRIES;SEASHELLS;4048.0;4
114100;;;ROSES;SEASHELLS;14443.0;1
114700;;;CHOCOLATE;SEASHELLS;7893.0;6
114800;;;ROSES;SEASHELLS;14433.0;3
114900;;;ROSES;SEASHELLS;14435.0;3
115500;;;STRAWBERRIES;SEASHELLS;4050.0;4
116100;;;ROSES;SEASHELLS;14446.0;1
116400;;;ROSES;SEASHELLS;14444.0;3
116900;;;CHOCOLATE;SEASHELLS;7895.0;8
117000;;;STRAWBERRIES;SEASHELLS;4048.0;7
117400;;;GIFT_BASKET;SEASHELLS;70724.0;2
117400;;;GIFT_BASKET;SEASHELLS;70712.0;1
117400;;;GIFT_BASKET;SEASHELLS;70713.0;2
117700;;;ROSES;SEASHELLS;14446.0;2
118600;;;GIFT_BASKET;SEASHELLS;70703.0;9
119100;;;ROSES;SEASHELLS;14456.0;3
119200;;;ROSES;SEASHELLS;14459.0;1
119800;;;CHOCOLATE;SEASHELLS;7908.0;8
119900;;;STRAWBERRIES;SEASHELLS;4045.0;10
120000;;;CHOCOLATE;SEASHELLS;7906.0;5
120100;;;CHOCOLATE;SEASHELLS;7907.0;8
120300;;;CHOCOLATE;SEASHELLS;7908.0;7
120400;;;STRAWBERRIES;SEASHELLS;4045.0;5
120900;;;CHOCOLATE;SEASHELLS;7907.0;10
121300;;;STRAWBERRIES;SEASHELLS;4043.0;6
122500;;;ROSES;SEASHELLS;14467.0;3
122900;;;CHOCOLATE;SEASHELLS;7904.0;6
123200;;;CHOCOLATE;SEASHELLS;7904.0;6
123400;;;STRAWBERRIES;SEASHELLS;4044.0;9
123400;;;ROSES;SEASHELLS;14476.0;4
123700;;;STRAWBERRIES;SEASHELLS;4043.0;9
124300;;;CHOCOLATE;SEASHELLS;7897.0;10
124400;;;STRAWBERRIES;SEASHELLS;4043.0;9
124700;;;STRAWBERRIES;SEASHELLS;4044.0;3
125000;;;GIFT_BASKET;SEASHELLS;70672.0;2
125600;;;ROSES;SEASHELLS;14474.0;1
126000;;;GIFT_BASKET;SEASHELLS;70639.0;2
126400;;;CHOCOLATE;SEASHELLS;7896.0;8
126900;;;ROSES;SEASHELLS;14484.0;5
127200;;;STRAWBERRIES;SEASHELLS;4045.0;10
127300;;;STRAWBERRIES;SEASHELLS;4045.0;9
127300;;;CHOCOLATE;SEASHELLS;7898.0;10
127700;;;CHOCOLATE;SEASHELLS;7902.0;8
128100;;;ROSES;SEASHELLS;14476.0;2
128100;;;STRAWBERRIES;SEASHELLS;4044.0;11
128200;;;CHOCOLATE;SEASHELLS;7898.0;5
128300;;;STRAWBERRIES;SEASHELLS;4044.0;5
129000;;;CHOCOLATE;SEASHELLS;7896.0;5
129200;;;ROSES;SEASHELLS;14477.0;4
129900;;;CHOCOLATE;SEASHELLS;7896.0;5
130200;;;CHOCOLATE;SEASHELLS;7894.0;8
130300;;;CHOCOLATE;SEASHELLS;7896.0;8
130500;;;ROSES;SEASHELLS;14477.0;4
130500;;;STRAWBERRIES;SEASHELLS;4042.0;5
130500;;;CHOCOLATE;SEASHELLS;7894.0;7
131100;;;GIFT_BASKET;SEASHELLS;70592.0;1
131100;;;GIFT_BASKET;SEASHELLS;70593.0;2
131300;;;ROSES;SEASHELLS;14480.0;2
131400;;;CHOCOLATE;SEASHELLS;7894.0;5
131500;;;ROSES;SEASHELLS;14478.0;1
132100;;;ROSES;SEASHELLS;14475.0;3
133000;;;STRAWBERRIES;SEASHELLS;4043.0;8
133100;;;STRAWBERRIES;SEASHELLS;4043.0;5
133300;;;GIFT_BASKET;SEASHELLS;70546.0;1
134000;;;STRAWBERRIES;SEASHELLS;4042.0;7
134300;;;GIFT_BASKET;SEASHELLS;70532.0;10
134500;;;ROSES;SEASHELLS;14484.0;4
134600;;;CHOCOLATE;SEASHELLS;7896.0;8
134800;;;CHOCOLATE;SEASHELLS;7895.0;5
134800;;;STRAWBERRIES;SEASHELLS;4042.0;10
134800;;;ROSES;SEASHELLS;14480.0;2
135000;;;ROSES;SEASHELLS;14472.0;2
135500;;;STRAWBERRIES;SEASHELLS;4039.0;6
135800;;;STRAWBERRIES;SEASHELLS;4039.0;12
135800;;;STRAWBERRIES;SEASHELLS;4039.0;9
136500;;;STRAWBERRIES;SEASHELLS;4039.0;9
136600;;;CHOCOLATE;SEASHELLS;7893.0;7
136700;;;ROSES;SEASHELLS;14488.0;3
136700;;;ROSES;SEASHELLS;14489.0;5
136900;;;GIFT_BASKET;SEASHELLS;70532.0;2
136900;;;GIFT_BASKET;SEASHELLS;70531.0;6
137000;;;GIFT_BASKET;SEASHELLS;70536.0;6
137100;;;STRAWBERRIES;SEASHELLS;4039.0;6
137500;;;ROSES;SEASHELLS;14482.0;2
138000;;;GIFT_BASKET;SEASHELLS;70562.0;2
138000;;;GIFT_BASKET;SEASHELLS;70561.0;5
138100;;;GIFT_BASKET;SEASHELLS;70570.0;3
138200;;;CHOCOLATE;SEASHELLS;7897.0;8
138300;;;CHOCOLATE;SEASHELLS;7896.0;6
138400;;;STRAWBERRIES;SEASHELLS;4039.0;5
138800;;;STRAWBERRIES;SEASHELLS;4039.0;11
139300;;;CHOCOLATE;SEASHELLS;7898.0;5
139500;;;STRAWBERRIES;SEASHELLS;4038.0;5
139600;;;STRAWBERRIES;SEASHELLS;4040.0;9
140100;;;CHOCOLATE;SEASHELLS;7901.0;6
140400;;;STRAWBERRIES;SEASHELLS;4039.0;9
140400;;;CHOCOLATE;SEASHELLS;7901.0;7
140600;;;ROSES;SEASHELLS;14452.0;3
141000;;;CHOCOLATE;SEASHELLS;7901.0;5
141100;;;STRAWBERRIES;SEASHELLS;4040.0;6
141200;;;GIFT_BASKET;SEASHELLS;70527.0;1
141800;;;STRAWBERRIES;SEASHELLS;4040.0;7
141900;;;CHOCOLATE;SEASHELLS;7902.0;7
142200;;;STRAWBERRIES;SEASHELLS;4041.0;10
142200;;;CHOCOLATE;SEASHELLS;7900.0;8
142300;;;CHOCOLATE;SEASHELLS;7898.0;6
142500;;;ROSES;SEASHELLS;14427.0;3
142500;;;CHOCOLATE;SEASHELLS;7899.0;5
142800;;;GIFT_BASKET;SEASHELLS;70513.0;2
143100;;;ROSES;SEASHELLS;14435.0;5
143600;;;STRAWBERRIES;SEASHELLS;4042.0;9
143700;;;STRAWBERRIES;SEASHELLS;4043.0;5
143900;;;CHOCOLATE;SEASHELLS;7896.0;8
143900;;;STRAWBERRIES;SEASHELLS;4043.0;8
144000;;;CHOCOLATE;SEASHELLS;7898.0;5
144000;;;ROSES;SEASHELLS;14441.0;2
144300;;;CHOCOLATE;SEASHELLS;7897.0;6
145400;;;CHOCOLATE;SEASHELLS;7901.0;6
145700;;;GIFT_BASKET;SEASHELLS;70507.0;1
145700;;;GIFT_BASKET;SEASHELLS;70508.0;1
146000;;;STRAWBERRIES;SEASHELLS;4040.0;10
146200;;;STRAWBERRIES;SEASHELLS;4038.0;10
146300;;;STRAWBERRIES;SEASHELLS;4039.0;5
146400;;;CHOCOLATE;SEASHELLS;7897.0;7
146900;;;ROSES;SEASHELLS;14416.0;1
147100;;;ROSES;SEASHELLS;14418.0;1
147300;;;ROSES;SEASHELLS;14418.0;3
147500;;;GIFT_BASKET;SEASHELLS;70503.0;2
147800;;;CHOCOLATE;SEASHELLS;7896.0;5
148000;;;ROSES;SEASHELLS;14410.0;2
148200;;;GIFT_BASKET;SEASHELLS;70515.0;1
148300;;;ROSES;SEASHELLS;14415.0;1
148700;;;ROSES;SEASHELLS;14409.0;3
149400;;;STRAWBERRIES;SEASHELLS;4039.0;7
149900;;;ROSES;SEASHELLS;14414.0;3
150300;;;GIFT_BASKET;SEASHELLS;70523.0;2
150800;;;STRAWBERRIES;SEASHELLS;4038.0;3
150900;;;ROSES;SEASHELLS;14421.0;4
151400;;;STRAWBERRIES;SEASHELLS;4038.0;3
151800;;;CHOCOLATE;SEASHELLS;7892.0;7
152300;;;ROSES;SEASHELLS;14409.0;2
153100;;;STRAWBERRIES;SEASHELLS;4037.0;9
153200;;;STRAWBERRIES;SEASHELLS;4036.0;5
153200;;;STRAWBERRIES;SEASHELLS;4038.0;8
153300;;;STRAWBERRIES;SEASHELLS;4035.0;8
153300;;;CHOCOLATE;SEASHELLS;7888.0;7
153500;;;ROSES;SEASHELLS;14406.0;3
153600;;;GIFT_BASKET;SEASHELLS;70467.0;2
153600;;;GIFT_BASKET;SEASHELLS;70466.0;2
153700;;;CHOCOLATE;SEASHELLS;7889.0;5
153800;;;ROSES;SEASHELLS;14403.0;5
154000;;;CHOCOLATE;SEASHELLS;7886.0;4
154200;;;ROSES;SEASHELLS;14402.0;2
154600;;;CHOCOLATE;SEASHELLS;7886.0;5
154700;;;CHOCOLATE;SEASHELLS;7886.0;8
154800;;;ROSES;SEASHELLS;14406.0;4
154900;;;GIFT_BASKET;SEASHELLS;70458.0;1
156100;;;STRAWBERRIES;SEASHELLS;4035.0;8
156400;;;ROSES;SEASHELLS;14399.0;4
156500;;;STRAWBERRIES;SEASHELLS;4036.0;7
156600;;;STRAWBERRIES;SEASHELLS;4035.0;11
156800;;;STRAWBERRIES;SEASHELLS;4035.0;9
156900;;;CHOCOLATE;SEASHELLS;7880.0;7
157000;;;ROSES;SEASHELLS;14393.0;1
157300;;;GIFT_BASKET;SEASHELLS;70432.0;8
157500;;;STRAWBERRIES;SEASHELLS;4035.0;5
157800;;;STRAWBERRIES;SEASHELLS;4036.0;4
158000;;;ROSES;SEASHELLS;14398.0;5
158300;;;ROSES;SEASHELLS;14398.0;1
158600;;;STRAWBERRIES;SEASHELLS;4038.0;4
158700;;;ROSES;SEASHELLS;14398.0;5
158800;;;CHOCOLATE;SEASHELLS;7883.0;7
158900;;;STRAWBERRIES;SEASHELLS;4038.0;5
159000;;;ROSES;SEASHELLS;14398.0;3
159100;;;GIFT_BASKET;SEASHELLS;70465.0;2
159900;;;ROSES;SEASHELLS;14411.0;2
160000;;;CHOCOLATE;SEASHELLS;7879.0;8
160300;;;ROSES;SEASHELLS;14412.0;5
161100;;;CHOCOLATE;SEASHELLS;7876.0;6
161200;;;STRAWBERRIES;SEASHELLS;4035.0;8
161400;;;ROSES;SEASHELLS;14397.0;5
161600;;;ROSES;SEASHELLS;14403.0;3
161800;;;ROSES;SEASHELLS;14400.0;5
162100;;;GIFT_BASKET;SEASHELLS;70509.0;1
162100;;;GIFT_BASKET;SEASHELLS;70508.0;4
162500;;;CHOCOLATE;SEASHELLS;7876.0;7
163100;;;STRAWBERRIES;SEASHELLS;4037.0;10
163300;;;GIFT_BASKET;SEASHELLS;70484.0;1
163400;;;ROSES;SEASHELLS;14395.0;5
163500;;;ROSES;SEASHELLS;14398.0;5
163800;;;STRAWBERRIES;SEASHELLS;4036.0;8
164000;;;ROSES;SEASHELLS;14392.0;4
165000;;;STRAWBERRIES;SEASHELLS;4035.0;8
165100;;;STRAWBERRIES;SEASHELLS;4036.0;4
165600;;;ROSES;SEASHELLS;14397.0;4
165600;;;CHOCOLATE;SEASHELLS;7875.0;7
166600;;;ROSES;SEASHELLS;14393.0;4
166700;;;STRAWBERRIES;SEASHELLS;4034.0;6
167000;;;STRAWBERRIES;SEASHELLS;4034.0;10
167100;;;STRAWBERRIES;SEASHELLS;4033.0;8
167300;;;CHOCOLATE;SEASHELLS;7873.0;7
167300;;;ROSES;SEASHELLS;14398.0;2
167400;;;GIFT_BASKET;SEASHELLS;70472.0;6
167700;;;CHOCOLATE;SEASHELLS;7871.0;6
168300;;;ROSES;SEASHELLS;14397.0;5
168500;;;CHOCOLATE;SEASHELLS;7876.0;5
168600;;;ROSES;SEASHELLS;14394.0;3
168700;;;STRAWBERRIES;SEASHELLS;4033.0;8
168800;;;ROSES;SEASHELLS;14392.0;2
169000;;;ROSES;SEASHELLS;14395.0;2
169400;;;ROSES;SEASHELLS;14394.0;5
169400;;;GIFT_BASKET;SEASHELLS;70436.0;10
170000;;;STRAWBERRIES;SEASHELLS;4033.0;4
170400;;;CHOCOLATE;SEASHELLS;7871.0;7
170700;;;ROSES;SEASHELLS;14402.0;2
170800;;;STRAWBERRIES;SEASHELLS;4034.0;10
170900;;;ROSES;SEASHELLS;14408.0;2
171000;;;ROSES;SEASHELLS;14413.0;3
171400;;;ROSES;SEASHELLS;14410.0;4
171700;;;STRAWBERRIES;SEASHELLS;4034.0;4
171900;;;CHOCOLATE;SEASHELLS;7873.0;10
172300;;;GIFT_BASKET;SEASHELLS;70489.0;2
172600;;;GIFT_BASKET;SEASHELLS;70476.0;1
173100;;;CHOCOLATE;SEASHELLS;7873.0;8
173200;;;CHOCOLATE;SEASHELLS;7872.0;5
173300;;;ROSES;SEASHELLS;14410.0;5
173300;;;STRAWBERRIES;SEASHELLS;4033.0;7
173900;;;ROSES;SEASHELLS;14405.0;4
174400;;;STRAWBERRIES;SEASHELLS;4034.0;8
174800;;;CHOCOLATE;SEASHELLS;7878.0;8
175200;;;GIFT_BASKET;SEASHELLS;70506.0;1
175200;;;STRAWBERRIES;SEASHELLS;4034.0;7
175300;;;ROSES;SEASHELLS;14397.0;1
175500;;;ROSES;SEASHELLS;14401.0;2
176100;;;STRAWBERRIES;SEASHELLS;4033.0;11
176200;;;CHOCOLATE;SEASHELLS;7877.0;6
176500;;;GIFT_BASKET;SEASHELLS;70495.0;1
176800;;;CHOCOLATE;SEASHELLS;7876.0;7
176800;;;GIFT_BASKET;SEASHELLS;70467.0;4
176800;;;GIFT_BASKET;SEASHELLS;70473.0;1
177000;;;CHOCOLATE;SEASHELLS;7876.0;7
177200;;;CHOCOLATE;SEASHELLS;7877.0;7
177200;;;ROSES;SEASHELLS;14400.0;5
177900;;;STRAWBERRIES;SEASHELLS;4034.0;7
178000;;;CHOCOLATE;SEASHELLS;7874.0;7
179200;;;ROSES;SEASHELLS;14398.0;5
179300;;;CHOCOLATE;SEASHELLS;7874.0;5
179800;;;STRAWBERRIES;SEASHELLS;4034.0;8
179900;;;GIFT_BASKET;SEASHELLS;70428.0;10
180300;;;GIFT_BASKET;SEASHELLS;70442.0;6
180800;;;GIFT_BASKET;SEASHELLS;70452.0;6
181400;;;STRAWBERRIES;SEASHELLS;4033.0;5
181400;;;GIFT_BASKET;SEASHELLS;70438.0;2
181600;;;CHOCOLATE;SEASHELLS;7881.0;5
182100;;;GIFT_BASKET;SEASHELLS;70452.0;7
182500;;;ROSES;SEASHELLS;14385.0;4
182600;;;STRAWBERRIES;SEASHELLS;4036.0;6
182700;;;CHOCOLATE;SEASHELLS;7881.0;5
182900;;;CHOCOLATE;SEASHELLS;7879.0;5
183200;;;ROSES;SEASHELLS;14391.0;5
183600;;;CHOCOLATE;SEASHELLS;7876.0;8
183800;;;CHOCOLATE;SEASHELLS;7877.0;9
184000;;;GIFT_BASKET;SEASHELLS;70415.0;1
184400;;;STRAWBERRIES;SEASHELLS;4033.0;6
184400;;;GIFT_BASKET;SEASHELLS;70412.0;8
184500;;;CHOCOLATE;SEASHELLS;7878.0;5
184500;;;STRAWBERRIES;SEASHELLS;4033.0;7
184600;;;ROSES;SEASHELLS;14379.0;2
184600;;;STRAWBERRIES;SEASHELLS;4034.0;4
184900;;;CHOCOLATE;SEASHELLS;7876.0;7
184900;;;ROSES;SEASHELLS;14381.0;3
184900;;;STRAWBERRIES;SEASHELLS;4033.0;8
184900;;;GIFT_BASKET;SEASHELLS;70408.0;1
185400;;;CHOCOLATE;SEASHELLS;7878.0;8
185900;;;STRAWBERRIES;SEASHELLS;4032.0;8
186200;;;STRAWBERRIES;SEASHELLS;4033.0;5
186300;;;STRAWBERRIES;SEASHELLS;4035.0;5
186500;;;STRAWBERRIES;SEASHELLS;4033.0;7
186700;;;ROSES;SEASHELLS;14388.0;5
187100;;;STRAWBERRIES;SEASHELLS;4032.0;9
188100;;;ROSES;SEASHELLS;14392.0;1
188200;;;STRAWBERRIES;SEASHELLS;4032.0;12
188300;;;CHOCOLATE;SEASHELLS;7880.0;6
188500;;;STRAWBERRIES;SEASHELLS;4033.0;4
188800;;;CHOCOLATE;SEASHELLS;7877.0;6
188900;;;STRAWBERRIES;SEASHELLS;4032.0;4
189000;;;CHOCOLATE;SEASHELLS;7879.0;5
189200;;;ROSES;SEASHELLS;14393.0;5
189600;;;STRAWBERRIES;SEASHELLS;4034.0;5
189800;;;CHOCOLATE;SEASHELLS;7878.0;6
190400;;;CHOCOLATE;SEASHELLS;7877.0;5
190800;;;ROSES;SEASHELLS;14398.0;3
191000;;;ROSES;SEASHELLS;14397.0;4
191100;;;GIFT_BASKET;SEASHELLS;70399.0;2
191200;;;GIFT_BASKET;SEASHELLS;70402.0;7
191400;;;STRAWBERRIES;SEASHELLS;4032.0;5
191600;;;CHOCOLATE;SEASHELLS;7868.0;8
191700;;;STRAWBERRIES;SEASHELLS;4032.0;8
191700;;;STRAWBERRIES;SEASHELLS;4032.0;10
191800;;;CHOCOLATE;SEASHELLS;7865.0;6
192400;;;CHOCOLATE;SEASHELLS;7863.0;6
192600;;;GIFT_BASKET;SEASHELLS;70375.0;5
192600;;;GIFT_BASKET;SEASHELLS;70376.0;2
192700;;;CHOCOLATE;SEASHELLS;7861.0;5
192800;;;GIFT_BASKET;SEASHELLS;70374.0;8
193000;;;GIFT_BASKET;SEASHELLS;70370.0;5
193200;;;STRAWBERRIES;SEASHELLS;4032.0;6
193200;;;GIFT_BASKET;SEASHELLS;70356.0;9
194100;;;CHOCOLATE;SEASHELLS;7862.0;4
194400;;;CHOCOLATE;SEASHELLS;7862.0;7
194400;;;STRAWBERRIES;SEASHELLS;4031.0;7
194500;;;STRAWBERRIES;SEASHELLS;4031.0;6
194900;;;STRAWBERRIES;SEASHELLS;4031.0;7
195000;;;ROSES;SEASHELLS;14394.0;4
195200;;;STRAWBERRIES;SEASHELLS;4031.0;7
196100;;;STRAWBERRIES;SEASHELLS;4028.0;10
196100;;;STRAWBERRIES;SEASHELLS;4028.0;5
196700;;;ROSES;SEASHELLS;14380.0;1
197500;;;ROSES;SEASHELLS;14389.0;3
197600;;;STRAWBERRIES;SEASHELLS;4028.0;10
197900;;;ROSES;SEASHELLS;14383.0;5
197900;;;STRAWBERRIES;SEASHELLS;4029.0;11
198200;;;GIFT_BASKET;SEASHELLS;70301.0;1
198400;;;STRAWBERRIES;SEASHELLS;4030.0;4
198700;;;CHOCOLATE;SEASHELLS;7858.0;8
198700;;;ROSES;SEASHELLS;14381.0;3
199100;;;STRAWBERRIES;SEASHELLS;4030.0;8
200000;;;ROSES;SEASHELLS;14369.0;5
200200;;;STRAWBERRIES;SEASHELLS;4029.0;5
200600;;;STRAWBERRIES;SEASHELLS;4029.0;12
200900;;;ROSES;SEASHELLS;14358.0;2
201300;;;STRAWBERRIES;SEASHELLS;4030.0;5
202000;;;STRAWBERRIES;SEASHELLS;4030.0;5
202000;;;GIFT_BASKET;SEASHELLS;70316.0;5
202000;;;GIFT_BASKET;SEASHELLS;70317.0;1
202000;;;CHOCOLATE;SEASHELLS;7860.0;5
202400;;;ROSES;SEASHELLS;14369.0;4
202900;;;STRAWBERRIES;SEASHELLS;4032.0;9
203100;;;ROSES;SEASHELLS;14367.0;1
203300;;;CHOCOLATE;SEASHELLS;7860.0;5
203500;;;CHOCOLATE;SEASHELLS;7860.0;6
203600;;;GIFT_BASKET;SEASHELLS;70321.0;2
203600;;;GIFT_BASKET;SEASHELLS;70320.0;2
203800;;;CHOCOLATE;SEASHELLS;7859.0;6
204400;;;STRAWBERRIES;SEASHELLS;4033.0;8
204600;;;CHOCOLATE;SEASHELLS;7861.0;8
204700;;;ROSES;SEASHELLS;14365.0;3
205300;;;ROSES;SEASHELLS;14362.0;5
205900;;;ROSES;SEASHELLS;14357.0;5
206000;;;CHOCOLATE;SEASHELLS;7852.0;8
206000;;;ROSES;SEASHELLS;14360.0;1
206100;;;STRAWBERRIES;SEASHELLS;4033.0;4
206200;;;CHOCOLATE;SEASHELLS;7850.0;7
207200;;;CHOCOLATE;SEASHELLS;7850.0;10
207200;;;GIFT_BASKET;SEASHELLS;70286.0;1
207200;;;STRAWBERRIES;SEASHELLS;4035.0;3
207300;;;CHOCOLATE;SEASHELLS;7850.0;6
207400;;;ROSES;SEASHELLS;14367.0;9
207600;;;ROSES;SEASHELLS;14371.0;3
208500;;;STRAWBERRIES;SEASHELLS;4038.0;6
208800;;;CHOCOLATE;SEASHELLS;7851.0;5
209200;;;GIFT_BASKET;SEASHELLS;70349.0;2
209200;;;CHOCOLATE;SEASHELLS;7853.0;8
209500;;;ROSES;SEASHELLS;14387.0;3
209500;;;STRAWBERRIES;SEASHELLS;4033.0;7
209700;;;STRAWBERRIES;SEASHELLS;4035.0;5
209800;;;ROSES;SEASHELLS;14394.0;2
209800;;;CHOCOLATE;SEASHELLS;7853.0;6
210000;;;GIFT_BASKET;SEASHELLS;70340.0;1
210100;;;CHOCOLATE;SEASHELLS;7852.0;5
210200;;;CHOCOLATE;SEASHELLS;7851.0;5
211000;;;CHOCOLATE;SEASHELLS;7852.0;5
211100;;;STRAWBERRIES;SEASHELLS;4034.0;6
211300;;;ROSES;SEASHELLS;14397.0;5
211800;;;STRAWBERRIES;SEASHELLS;4036.0;5
211800;;;GIFT_BASKET;SEASHELLS;70381.0;6
212200;;;CHOCOLATE;SEASHELLS;7846.0;7
212700;;;GIFT_BASKET;SEASHELLS;70377.0;1
212700;;;GIFT_BASKET;SEASHELLS;70377.0;2
213200;;;CHOCOLATE;SEASHELLS;7842.0;8
213300;;;ROSES;SEASHELLS;14386.0;1
213400;;;GIFT_BASKET;SEASHELLS;70358.0;5
213400;;;STRAWBERRIES;SEASHELLS;4039.0;5
214300;;;ROSES;SEASHELLS;14395.0;5
214800;;;STRAWBERRIES;SEASHELLS;4036.0;7
215100;;;STRAWBERRIES;SEASHELLS;4037.0;5
215100;;;ROSES;SEASHELLS;14393.0;5
215300;;;GIFT_BASKET;SEASHELLS;70381.0;2
215300;;;STRAWBERRIES;SEASHELLS;4039.0;8
215700;;;GIFT_BASKET;SEASHELLS;70388.0;1
216100;;;CHOCOLATE;SEASHELLS;7837.0;6
216700;;;STRAWBERRIES;SEASHELLS;4036.0;8
217000;;;CHOCOLATE;SEASHELLS;7836.0;5
217500;;;ROSES;SEASHELLS;14404.0;1
217800;;;ROSES;SEASHELLS;14399.0;3
217900;;;GIFT_BASKET;SEASHELLS;70354.0;1
217900;;;ROSES;SEASHELLS;14401.0;2
218000;;;ROSES;SEASHELLS;14408.0;4
218900;;;ROSES;SEASHELLS;14402.0;3
218900;;;STRAWBERRIES;SEASHELLS;4033.0;8
219000;;;CHOCOLATE;SEASHELLS;7835.0;7
219100;;;STRAWBERRIES;SEASHELLS;4034.0;4
219100;;;CHOCOLATE;SEASHELLS;7836.0;7
219200;;;GIFT_BASKET;SEASHELLS;70381.0;2
219200;;;CHOCOLATE;SEASHELLS;7832.0;7
219500;;;ROSES;SEASHELLS;14400.0;3
219600;;;CHOCOLATE;SEASHELLS;7831.0;7
219900;;;CHOCOLATE;SEASHELLS;7831.0;7
220200;;;CHOCOLATE;SEASHELLS;7829.0;7
220200;;;STRAWBERRIES;SEASHELLS;4034.0;5
220900;;;CHOCOLATE;SEASHELLS;7828.0;7
221000;;;GIFT_BASKET;SEASHELLS;70424.0;2
221300;;;ROSES;SEASHELLS;14403.0;4
221400;;;CHOCOLATE;SEASHELLS;7828.0;7
221600;;;ROSES;SEASHELLS;14406.0;5
222000;;;CHOCOLATE;SEASHELLS;7826.0;9
222400;;;STRAWBERRIES;SEASHELLS;4031.0;6
222400;;;CHOCOLATE;SEASHELLS;7825.0;7
222800;;;GIFT_BASKET;SEASHELLS;70406.0;2
223100;;;STRAWBERRIES;SEASHELLS;4031.0;5
223400;;;STRAWBERRIES;SEASHELLS;4030.0;7
223600;;;GIFT_BASKET;SEASHELLS;70376.0;2
223600;;;CHOCOLATE;SEASHELLS;7819.0;8
223600;;;ROSES;SEASHELLS;14407.0;5
223600;;;GIFT_BASKET;SEASHELLS;70376.0;3
223700;;;GIFT_BASKET;SEASHELLS;70367.0;6
223900;;;STRAWBERRIES;SEASHELLS;4032.0;10
224700;;;CHOCOLATE;SEASHELLS;7823.0;7
225000;;;ROSES;SEASHELLS;14419.0;10
225200;;;CHOCOLATE;SEASHELLS;7825.0;8
226000;;;STRAWBERRIES;SEASHELLS;4027.0;7
226300;;;GIFT_BASKET;SEASHELLS;70294.0;4
226300;;;STRAWBERRIES;SEASHELLS;4028.0;9
226400;;;CHOCOLATE;SEASHELLS;7823.0;6
226700;;;STRAWBERRIES;SEASHELLS;4029.0;3
226900;;;ROSES;SEASHELLS;14399.0;2
227100;;;CHOCOLATE;SEASHELLS;7822.0;5
227700;;;CHOCOLATE;SEASHELLS;7820.0;5
228300;;;STRAWBERRIES;SEASHELLS;4029.0;5
228400;;;ROSES;SEASHELLS;14408.0;4
228600;;;GIFT_BASKET;SEASHELLS;70260.0;1
229000;;;ROSES;SEASHELLS;14412.0;5
229500;;;ROSES;SEASHELLS;14412.0;1
230300;;;ROSES;SEASHELLS;14422.0;5
231100;;;ROSES;SEASHELLS;14430.0;4
231200;;;STRAWBERRIES;SEASHELLS;4030.0;9
231500;;;CHOCOLATE;SEASHELLS;7829.0;7
231800;;;ROSES;SEASHELLS;14426.0;4
231800;;;CHOCOLATE;SEASHELLS;7829.0;5
232100;;;ROSES;SEASHELLS;14423.0;3
232100;;;CHOCOLATE;SEASHELLS;7825.0;6
232200;;;CHOCOLATE;SEASHELLS;7826.0;4
232300;;;STRAWBERRIES;SEASHELLS;4030.0;4
232500;;;GIFT_BASKET;SEASHELLS;70249.0;6
232500;;;STRAWBERRIES;SEASHELLS;4030.0;4
232700;;;STRAWBERRIES;SEASHELLS;4030.0;5
232900;;;GIFT_BASKET;SEASHELLS;70267.0;10
234300;;;CHOCOLATE;SEASHELLS;7822.0;7
234600;;;ROSES;SEASHELLS;14398.0;2
234600;;;GIFT_BASKET;SEASHELLS;70209.0;8
234800;;;STRAWBERRIES;SEASHELLS;4030.0;3
234900;;;STRAWBERRIES;SEASHELLS;4032.0;4
235100;;;STRAWBERRIES;SEASHELLS;4031.0;10
235600;;;STRAWBERRIES;SEASHELLS;4032.0;4
236600;;;STRAWBERRIES;SEASHELLS;4030.0;8
236900;;;STRAWBERRIES;SEASHELLS;4030.0;11
237000;;;STRAWBERRIES;SEASHELLS;4030.0;9
237200;;;ROSES;SEASHELLS;14375.0;4
237300;;;ROSES;SEASHELLS;14374.0;4
237400;;;CHOCOLATE;SEASHELLS;7814.0;7
237900;;;ROSES;SEASHELLS;14376.0;2
238000;;;ROSES;SEASHELLS;14377.0;1
238300;;;STRAWBERRIES;SEASHELLS;4029.0;3
238400;;;ROSES;SEASHELLS;14371.0;1
238600;;;ROSES;SEASHELLS;14379.0;3
238700;;;STRAWBERRIES;SEASHELLS;4030.0;4
238800;;;CHOCOLATE;SEASHELLS;7815.0;7
240200;;;ROSES;SEASHELLS;14384.0;5
240300;;;CHOCOLATE;SEASHELLS;7818.0;6
240600;;;GIFT_BASKET;SEASHELLS;70234.0;2
240700;;;ROSES;SEASHELLS;14384.0;5
241000;;;STRAWBERRIES;SEASHELLS;4028.0;10
241100;;;ROSES;SEASHELLS;14368.0;5
241900;;;STRAWBERRIES;SEASHELLS;4028.0;4
242000;;;ROSES;SEASHELLS;14374.0;5
242500;;;CHOCOLATE;SEASHELLS;7817.0;8
242500;;;STRAWBERRIES;SEASHELLS;4028.0;10
242600;;;ROSES;SEASHELLS;14386.0;2
242700;;;STRAWBERRIES;SEASHELLS;4030.0;5
243000;;;STRAWBERRIES;SEASHELLS;4030.0;5
243100;;;STRAWBERRIES;SEASHELLS;4030.0;4
243200;;;GIFT_BASKET;SEASHELLS;70247.0;2
243300;;;CHOCOLATE;SEASHELLS;7816.0;5
243500;;;STRAWBERRIES;SEASHELLS;4028.0;5
244000;;;CHOCOLATE;SEASHELLS;7813.0;6
244000;;;STRAWBERRIES;SEASHELLS;4029.0;10
244200;;;STRAWBERRIES;SEASHELLS;4029.0;5
244300;;;CHOCOLATE;SEASHELLS;7813.0;8
244400;;;CHOCOLATE;SEASHELLS;7813.0;8
244600;;;STRAWBERRIES;SEASHELLS;4028.0;3
245200;;;GIFT_BASKET;SEASHELLS;70284.0;2
245200;;;STRAWBERRIES;SEASHELLS;4029.0;8
245300;;;STRAWBERRIES;SEASHELLS;4030.0;10
245300;;;GIFT_BASKET;SEASHELLS;70263.0;1
245700;;;CHOCOLATE;SEASHELLS;7812.0;8
245700;;;STRAWBERRIES;SEASHELLS;4030.0;9
246100;;;ROSES;SEASHELLS;14396.0;8
246300;;;ROSES;SEASHELLS;14394.0;8
246600;;;ROSES;SEASHELLS;14393.0;5
247100;;;GIFT_BASKET;SEASHELLS;70274.0;1
247200;;;STRAWBERRIES;SEASHELLS;4031.0;5
247400;;;STRAWBERRIES;SEASHELLS;4030.0;7
248800;;;STRAWBERRIES;SEASHELLS;4031.0;10
249000;;;GIFT_BASKET;SEASHELLS;70304.0;2
249300;;;CHOCOLATE;SEASHELLS;7810.0;5
249900;;;STRAWBERRIES;SEASHELLS;4029.0;5
249900;;;CHOCOLATE;SEASHELLS;7812.0;7
249900;;;GIFT_BASKET;SEASHELLS;70343.0;10
250000;;;STRAWBERRIES;SEASHELLS;4029.0;4
250200;;;ROSES;SEASHELLS;14418.0;1
250500;;;STRAWBERRIES;SEASHELLS;4030.0;9
251000;;;CHOCOLATE;SEASHELLS;7816.0;5
251200;;;STRAWBERRIES;SEASHELLS;4029.0;11
251300;;;STRAWBERRIES;SEASHELLS;4029.0;5
251600;;;STRAWBERRIES;SEASHELLS;4028.0;11
251600;;;STRAWBERRIES;SEASHELLS;4028.0;4
252400;;;STRAWBERRIES;SEASHELLS;4027.0;3
252600;;;STRAWBERRIES;SEASHELLS;4029.0;4
253200;;;GIFT_BASKET;SEASHELLS;70332.0;1
253300;;;GIFT_BASKET;SEASHELLS;70338.0;2
253800;;;ROSES;SEASHELLS;14412.0;2
254300;;;STRAWBERRIES;SEASHELLS;4028.0;6
254700;;;CHOCOLATE;SEASHELLS;7816.0;6
255000;;;CHOCOLATE;SEASHELLS;7815.0;5
255500;;;CHOCOLATE;SEASHELLS;7809.0;6
257400;;;STRAWBERRIES;SEASHELLS;4028.0;10
257700;;;GIFT_BASKET;SEASHELLS;70235.0;2
257700;;;STRAWBERRIES;SEASHELLS;4027.0;4
257900;;;CHOCOLATE;SEASHELLS;7806.0;8
258000;;;GIFT_BASKET;SEASHELLS;70225.0;1
258500;;;ROSES;SEASHELLS;14402.0;3
258600;;;ROSES;SEASHELLS;14402.0;2
259200;;;GIFT_BASKET;SEASHELLS;70209.0;7
259200;;;GIFT_BASKET;SEASHELLS;70209.0;1
259400;;;STRAWBERRIES;SEASHELLS;4026.0;10
259500;;;GIFT_BASKET;SEASHELLS;70206.0;2
259500;;;GIFT_BASKET;SEASHELLS;70206.0;3
259900;;;CHOCOLATE;SEASHELLS;7803.0;6
260100;;;CHOCOLATE;SEASHELLS;7803.0;5
260500;;;ROSES;SEASHELLS;14396.0;2
260800;;;GIFT_BASKET;SEASHELLS;70183.0;2
261300;;;STRAWBERRIES;SEASHELLS;4026.0;12
261400;;;STRAWBERRIES;SEASHELLS;4026.0;8
262000;;;ROSES;SEASHELLS;14400.0;2
262000;;;CHOCOLATE;SEASHELLS;7806.0;6
262100;;;ROSES;SEASHELLS;14402.0;2
262200;;;STRAWBERRIES;SEASHELLS;4026.0;6
262300;;;STRAWBERRIES;SEASHELLS;4026.0;11
262300;;;CHOCOLATE;SEASHELLS;7804.0;6
262500;;;GIFT_BASKET;SEASHELLS;70198.0;1
262700;;;STRAWBERRIES;SEASHELLS;4028.0;6
263000;;;CHOCOLATE;SEASHELLS;7802.0;8
263000;;;STRAWBERRIES;SEASHELLS;4026.0;9
263500;;;CHOCOLATE;SEASHELLS;7799.0;5
263600;;;GIFT_BASKET;SEASHELLS;70154.0;2
263600;;;GIFT_BASKET;SEASHELLS;70154.0;5
264100;;;GIFT_BASKET;SEASHELLS;70116.0;10
264900;;;STRAWBERRIES;SEASHELLS;4028.0;6
265800;;;ROSES;SEASHELLS;14369.0;5
266000;;;STRAWBERRIES;SEASHELLS;4027.0;9
266300;;;ROSES;SEASHELLS;14361.0;4
266400;;;CHOCOLATE;SEASHELLS;7799.0;6
266500;;;ROSES;SEASHELLS;14357.0;1
266900;;;ROSES;SEASHELLS;14358.0;5
267300;;;STRAWBERRIES;SEASHELLS;4027.0;9
267400;;;CHOCOLATE;SEASHELLS;7795.0;8
267900;;;ROSES;SEASHELLS;14344.0;4
268200;;;CHOCOLATE;SEASHELLS;7799.0;8
268300;;;STRAWBERRIES;SEASHELLS;4024.0;9
268600;;;STRAWBERRIES;SEASHELLS;4023.0;5
269100;;;STRAWBERRIES;SEASHELLS;4023.0;6
269200;;;ROSES;SEASHELLS;14330.0;5
269400;;;STRAWBERRIES;SEASHELLS;4022.0;8
269500;;;STRAWBERRIES;SEASHELLS;4023.0;10
269700;;;ROSES;SEASHELLS;14334.0;6
270100;;;STRAWBERRIES;SEASHELLS;4022.0;7
270300;;;STRAWBERRIES;SEASHELLS;4021.0;4
270300;;;STRAWBERRIES;SEASHELLS;4022.0;8
270400;;;CHOCOLATE;SEASHELLS;7799.0;5
270700;;;STRAWBERRIES;SEASHELLS;4021.0;6
270700;;;STRAWBERRIES;SEASHELLS;4022.0;5
270900;;;CHOCOLATE;SEASHELLS;7799.0;8
271000;;;STRAWBERRIES;SEASHELLS;4022.0;7
271600;;;STRAWBERRIES;SEASHELLS;4022.0;7
271700;;;CHOCOLATE;SEASHELLS;7798.0;7
272500;;;ROSES;SEASHELLS;14353.0;5
272800;;;CHOCOLATE;SEASHELLS;7802.0;6
273100;;;STRAWBERRIES;SEASHELLS;4024.0;4
273200;;;GIFT_BASKET;SEASHELLS;70088.0;2
273400;;;STRAWBERRIES;SEASHELLS;4025.0;7
273800;;;GIFT_BASKET;SEASHELLS;70092.0;1
273800;;;GIFT_BASKET;SEASHELLS;70091.0;4
274000;;;GIFT_BASKET;SEASHELLS;70072.0;2
274500;;;ROSES;SEASHELLS;14350.0;4
274800;;;ROSES;SEASHELLS;14335.0;3
274800;;;STRAWBERRIES;SEASHELLS;4024.0;6
275000;;;ROSES;SEASHELLS;14329.0;8
275400;;;GIFT_BASKET;SEASHELLS;70085.0;8
275500;;;ROSES;SEASHELLS;14340.0;1
275600;;;ROSES;SEASHELLS;14339.0;2
275800;;;CHOCOLATE;SEASHELLS;7808.0;8
276000;;;CHOCOLATE;SEASHELLS;7809.0;7
276200;;;CHOCOLATE;SEASHELLS;7808.0;4
276300;;;GIFT_BASKET;SEASHELLS;70101.0;4
276400;;;GIFT_BASKET;SEASHELLS;70100.0;1
276400;;;GIFT_BASKET;SEASHELLS;70099.0;1
276400;;;ROSES;SEASHELLS;14348.0;2
276700;;;CHOCOLATE;SEASHELLS;7807.0;6
277100;;;STRAWBERRIES;SEASHELLS;4024.0;11
277500;;;GIFT_BASKET;SEASHELLS;70112.0;1
277500;;;CHOCOLATE;SEASHELLS;7807.0;5
277600;;;ROSES;SEASHELLS;14346.0;10
278200;;;CHOCOLATE;SEASHELLS;7808.0;6
278500;;;ROSES;SEASHELLS;14341.0;3
278800;;;ROSES;SEASHELLS;14340.0;5
279300;;;ROSES;SEASHELLS;14339.0;4
279300;;;ROSES;SEASHELLS;14340.0;3
280700;;;STRAWBERRIES;SEASHELLS;4022.0;6
281800;;;ROSES;SEASHELLS;14336.0;2
282300;;;STRAWBERRIES;SEASHELLS;4023.0;4
282300;;;CHOCOLATE;SEASHELLS;7796.0;6
282600;;;STRAWBERRIES;SEASHELLS;4023.0;6
282900;;;ROSES;SEASHELLS;14337.0;2
283100;;;ROSES;SEASHELLS;14340.0;4
283200;;;ROSES;SEASHELLS;14341.0;5
283300;;;GIFT_BASKET;SEASHELLS;70008.0;1
283500;;;STRAWBERRIES;SEASHELLS;4021.0;6
283900;;;STRAWBERRIES;SEASHELLS;4022.0;6
284000;;;ROSES;SEASHELLS;14341.0;3
284400;;;STRAWBERRIES;SEASHELLS;4022.0;10
284800;;;ROSES;SEASHELLS;14334.0;3
285200;;;STRAWBERRIES;SEASHELLS;4024.0;5
285400;;;ROSES;SEASHELLS;14330.0;8
285400;;;ROSES;SEASHELLS;14330.0;4
285500;;;STRAWBERRIES;SEASHELLS;4022.0;3
285600;;;STRAWBERRIES;SEASHELLS;4022.0;8
286500;;;CHOCOLATE;SEASHELLS;7781.0;6
286600;;;GIFT_BASKET;SEASHELLS;69957.0;1
286600;;;ROSES;SEASHELLS;14322.0;9
286700;;;ROSES;SEASHELLS;14325.0;4
286900;;;ROSES;SEASHELLS;14325.0;2
287100;;;ROSES;SEASHELLS;14324.0;2
287100;;;STRAWBERRIES;SEASHELLS;4020.0;7
287100;;;STRAWBERRIES;SEASHELLS;4020.0;8
287800;;;ROSES;SEASHELLS;14327.0;11
288600;;;ROSES;SEASHELLS;14328.0;5
288800;;;STRAWBERRIES;SEASHELLS;4021.0;9
289100;;;GIFT_BASKET;SEASHELLS;69997.0;5
289100;;;GIFT_BASKET;SEASHELLS;69998.0;1
289200;;;GIFT_BASKET;SEASHELLS;70011.0;2
289300;;;CHOCOLATE;SEASHELLS;7790.0;8
289500;;;CHOCOLATE;SEASHELLS;7792.0;5
289900;;;GIFT_BASKET;SEASHELLS;70006.0;4
289900;;;GIFT_BASKET;SEASHELLS;70006.0;1
290300;;;ROSES;SEASHELLS;14322.0;3
291200;;;ROSES;SEASHELLS;14322.0;1
291300;;;STRAWBERRIES;SEASHELLS;4022.0;8
291500;;;GIFT_BASKET;SEASHELLS;69983.0;3
291600;;;CHOCOLATE;SEASHELLS;7784.0;6
292000;;;ROSES;SEASHELLS;14336.0;5
292100;;;STRAWBERRIES;SEASHELLS;4020.0;7
292300;;;CHOCOLATE;SEASHELLS;7784.0;8
292400;;;STRAWBERRIES;SEASHELLS;4022.0;9
292700;;;CHOCOLATE;SEASHELLS;7786.0;9
294000;;;STRAWBERRIES;SEASHELLS;4022.0;8
294200;;;CHOCOLATE;SEASHELLS;7782.0;5
294600;;;STRAWBERRIES;SEASHELLS;4021.0;5
295000;;;STRAWBERRIES;SEASHELLS;4021.0;7
295400;;;ROSES;SEASHELLS;14300.0;3
295700;;;STRAWBERRIES;SEASHELLS;4022.0;4
295800;;;STRAWBERRIES;SEASHELLS;4021.0;3
295900;;;ROSES;SEASHELLS;14298.0;2
296400;;;GIFT_BASKET;SEASHELLS;69879.0;4
296400;;;ROSES;SEASHELLS;14287.0;5
296400;;;GIFT_BASKET;SEASHELLS;69885.0;3
296400;;;GIFT_BASKET;SEASHELLS;69885.0;1
297100;;;CHOCOLATE;SEASHELLS;7776.0;8
297300;;;STRAWBERRIES;SEASHELLS;4021.0;4
297400;;;GIFT_BASKET;SEASHELLS;69822.0;1
297400;;;GIFT_BASKET;SEASHELLS;69821.0;1
297800;;;ROSES;SEASHELLS;14282.0;2
297800;;;STRAWBERRIES;SEASHELLS;4023.0;7
298400;;;STRAWBERRIES;SEASHELLS;4023.0;7
298500;;;CHOCOLATE;SEASHELLS;7777.0;6
298800;;;ROSES;SEASHELLS;14284.0;4
298900;;;GIFT_BASKET;SEASHELLS;69879.0;2
298900;;;GIFT_BASKET;SEASHELLS;69879.0;5
299500;;;GIFT_BASKET;SEASHELLS;69890.0;1
300400;;;ROSES;SEASHELLS;14278.0;2
301000;;;STRAWBERRIES;SEASHELLS;4024.0;6
301000;;;ROSES;SEASHELLS;14273.0;10
301100;;;CHOCOLATE;SEASHELLS;7775.0;8
301100;;;ROSES;SEASHELLS;14274.0;5
301300;;;CHOCOLATE;SEASHELLS;7773.0;6
301400;;;STRAWBERRIES;SEASHELLS;4026.0;9
301600;;;CHOCOLATE;SEASHELLS;7773.0;5
301700;;;CHOCOLATE;SEASHELLS;7771.0;6
301800;;;ROSES;SEASHELLS;14261.0;1
302200;;;CHOCOLATE;SEASHELLS;7771.0;10
302600;;;GIFT_BASKET;SEASHELLS;69821.0;2
302700;;;CHOCOLATE;SEASHELLS;7771.0;8
302800;;;GIFT_BASKET;SEASHELLS;69821.0;3
302800;;;STRAWBERRIES;SEASHELLS;4023.0;7
302800;;;GIFT_BASKET;SEASHELLS;69821.0;2
303400;;;ROSES;SEASHELLS;14253.0;1
303600;;;STRAWBERRIES;SEASHELLS;4022.0;5
303600;;;CHOCOLATE;SEASHELLS;7775.0;8
303700;;;ROSES;SEASHELLS;14246.0;2
304300;;;CHOCOLATE;SEASHELLS;7776.0;5
304400;;;STRAWBERRIES;SEASHELLS;4023.0;4
304900;;;CHOCOLATE;SEASHELLS;7780.0;7
305000;;;CHOCOLATE;SEASHELLS;7781.0;8
305200;;;ROSES;SEASHELLS;14249.0;5
305900;;;STRAWBERRIES;SEASHELLS;4026.0;10
306000;;;ROSES;SEASHELLS;14253.0;5
306200;;;CHOCOLATE;SEASHELLS;7778.0;6
306700;;;CHOCOLATE;SEASHELLS;7779.0;6
306900;;;CHOCOLATE;SEASHELLS;7779.0;5
306900;;;STRAWBERRIES;SEASHELLS;4025.0;10
307100;;;STRAWBERRIES;SEASHELLS;4026.0;6
307300;;;ROSES;SEASHELLS;14263.0;6
307400;;;ROSES;SEASHELLS;14267.0;2
307600;;;ROSES;SEASHELLS;14265.0;1
308000;;;CHOCOLATE;SEASHELLS;7780.0;7
308400;;;STRAWBERRIES;SEASHELLS;4024.0;8
308500;;;CHOCOLATE;SEASHELLS;7775.0;6
308800;;;STRAWBERRIES;SEASHELLS;4024.0;4
308800;;;CHOCOLATE;SEASHELLS;7776.0;5
308800;;;GIFT_BASKET;SEASHELLS;69849.0;2
309100;;;ROSES;SEASHELLS;14258.0;2
309100;;;ROSES;SEASHELLS;14257.0;4
309200;;;CHOCOLATE;SEASHELLS;7773.0;5
309500;;;CHOCOLATE;SEASHELLS;7775.0;7
310300;;;GIFT_BASKET;SEASHELLS;69809.0;8
310400;;;ROSES;SEASHELLS;14263.0;1
310500;;;ROSES;SEASHELLS;14262.0;1
310800;;;STRAWBERRIES;SEASHELLS;4024.0;9
311500;;;ROSES;SEASHELLS;14259.0;3
311900;;;ROSES;SEASHELLS;14260.0;4
312000;;;CHOCOLATE;SEASHELLS;7763.0;6
312400;;;STRAWBERRIES;SEASHELLS;4025.0;6
312700;;;CHOCOLATE;SEASHELLS;7760.0;5
313000;;;STRAWBERRIES;SEASHELLS;4026.0;8
313100;;;CHOCOLATE;SEASHELLS;7760.0;6
313200;;;GIFT_BASKET;SEASHELLS;69768.0;2
313300;;;ROSES;SEASHELLS;14255.0;4
313300;;;CHOCOLATE;SEASHELLS;7762.0;8
313600;;;GIFT_BASKET;SEASHELLS;69751.0;2
314300;;;ROSES;SEASHELLS;14251.0;1
314400;;;CHOCOLATE;SEASHELLS;7761.0;8
314600;;;GIFT_BASKET;SEASHELLS;69745.0;2
315300;;;ROSES;SEASHELLS;14252.0;2
315500;;;STRAWBERRIES;SEASHELLS;4025.0;6
315600;;;ROSES;SEASHELLS;14255.0;1
315800;;;ROSES;SEASHELLS;14249.0;2
315800;;;STRAWBERRIES;SEASHELLS;4025.0;11
316300;;;ROSES;SEASHELLS;14263.0;1
316300;;;STRAWBERRIES;SEASHELLS;4025.0;7
316800;;;ROSES;SEASHELLS;14264.0;5
316900;;;CHOCOLATE;SEASHELLS;7758.0;8
316900;;;STRAWBERRIES;SEASHELLS;4024.0;7
317500;;;GIFT_BASKET;SEASHELLS;69751.0;2
317500;;;GIFT_BASKET;SEASHELLS;69751.0;5
317600;;;CHOCOLATE;SEASHELLS;7757.0;6
317900;;;GIFT_BASKET;SEASHELLS;69771.0;5
318000;;;GIFT_BASKET;SEASHELLS;69781.0;2
318100;;;GIFT_BASKET;SEASHELLS;69781.0;9
318200;;;ROSES;SEASHELLS;14265.0;3
318800;;;STRAWBERRIES;SEASHELLS;4028.0;6
319000;;;ROSES;SEASHELLS;14266.0;5
319000;;;CHOCOLATE;SEASHELLS;7755.0;7
319300;;;ROSES;SEASHELLS;14265.0;3
319800;;;ROSES;SEASHELLS;14252.0;3
319900;;;CHOCOLATE;SEASHELLS;7758.0;4
320200;;;CHOCOLATE;SEASHELLS;7755.0;7
320200;;;ROSES;SEASHELLS;14256.0;4
320500;;;STRAWBERRIES;SEASHELLS;4027.0;4
320600;;;GIFT_BASKET;SEASHELLS;69761.0;3
320600;;;CHOCOLATE;SEASHELLS;7756.0;8
320800;;;GIFT_BASKET;SEASHELLS;69764.0;1
321000;;;STRAWBERRIES;SEASHELLS;4028.0;9
321200;;;ROSES;SEASHELLS;14255.0;3
321900;;;CHOCOLATE;SEASHELLS;7759.0;8
322000;;;STRAWBERRIES;SEASHELLS;4029.0;9
322100;;;ROSES;SEASHELLS;14258.0;3
322100;;;CHOCOLATE;SEASHELLS;7756.0;5
322300;;;STRAWBERRIES;SEASHELLS;4027.0;8
322400;;;CHOCOLATE;SEASHELLS;7761.0;8
322900;;;STRAWBERRIES;SEASHELLS;4026.0;6
323000;;;ROSES;SEASHELLS;14271.0;1
323400;;;STRAWBERRIES;SEASHELLS;4025.0;7
323500;;;ROSES;SEASHELLS;14279.0;3
323600;;;GIFT_BASKET;SEASHELLS;69808.0;8
323800;;;ROSES;SEASHELLS;14272.0;2
323800;;;CHOCOLATE;SEASHELLS;7767.0;5
324000;;;STRAWBERRIES;SEASHELLS;4024.0;9
324100;;;CHOCOLATE;SEASHELLS;7765.0;5
324300;;;ROSES;SEASHELLS;14277.0;2
325200;;;ROSES;SEASHELLS;14287.0;4
325300;;;CHOCOLATE;SEASHELLS;7767.0;7
325400;;;GIFT_BASKET;SEASHELLS;69762.0;1
325400;;;GIFT_BASKET;SEASHELLS;69761.0;7
325700;;;CHOCOLATE;SEASHELLS;7769.0;8
326200;;;STRAWBERRIES;SEASHELLS;4024.0;10
326300;;;ROSES;SEASHELLS;14284.0;3
326500;;;ROSES;SEASHELLS;14282.0;10
327000;;;STRAWBERRIES;SEASHELLS;4021.0;10
327100;;;STRAWBERRIES;SEASHELLS;4021.0;12
327200;;;STRAWBERRIES;SEASHELLS;4020.0;9
327200;;;STRAWBERRIES;SEASHELLS;4022.0;8
327500;;;CHOCOLATE;SEASHELLS;7770.0;6
327600;;;CHOCOLATE;SEASHELLS;7771.0;6
327700;;;ROSES;SEASHELLS;14276.0;1
328000;;;GIFT_BASKET;SEASHELLS;69827.0;1
328200;;;STRAWBERRIES;SEASHELLS;4023.0;7
328600;;;STRAWBERRIES;SEASHELLS;4022.0;8
328600;;;GIFT_BASKET;SEASHELLS;69795.0;1
328700;;;STRAWBERRIES;SEASHELLS;4022.0;8
328900;;;CHOCOLATE;SEASHELLS;7768.0;5
329200;;;GIFT_BASKET;SEASHELLS;69760.0;2
329300;;;GIFT_BASKET;SEASHELLS;69771.0;1
329500;;;CHOCOLATE;SEASHELLS;7766.0;5
329600;;;STRAWBERRIES;SEASHELLS;4023.0;10
329800;;;GIFT_BASKET;SEASHELLS;69786.0;1
330500;;;STRAWBERRIES;SEASHELLS;4024.0;7
330900;;;STRAWBERRIES;SEASHELLS;4026.0;4
330900;;;CHOCOLATE;SEASHELLS;7763.0;10
331000;;;GIFT_BASKET;SEASHELLS;69827.0;1
331500;;;STRAWBERRIES;SEASHELLS;4026.0;8
331500;;;GIFT_BASKET;SEASHELLS;69843.0;8
331700;;;STRAWBERRIES;SEASHELLS;4024.0;6
332000;;;GIFT_BASKET;SEASHELLS;69853.0;7
332200;;;STRAWBERRIES;SEASHELLS;4026.0;8
332300;;;CHOCOLATE;SEASHELLS;7767.0;8
333000;;;STRAWBERRIES;SEASHELLS;4029.0;7
333400;;;CHOCOLATE;SEASHELLS;7768.0;7
333500;;;STRAWBERRIES;SEASHELLS;4029.0;8
333600;;;ROSES;SEASHELLS;14258.0;2
333600;;;STRAWBERRIES;SEASHELLS;4031.0;6
333800;;;CHOCOLATE;SEASHELLS;7773.0;8
334000;;;GIFT_BASKET;SEASHELLS;69959.0;3
334200;;;STRAWBERRIES;SEASHELLS;4030.0;8
334300;;;GIFT_BASKET;SEASHELLS;69962.0;8
334700;;;STRAWBERRIES;SEASHELLS;4029.0;3
335100;;;ROSES;SEASHELLS;14262.0;4
335300;;;STRAWBERRIES;SEASHELLS;4031.0;5
335500;;;STRAWBERRIES;SEASHELLS;4030.0;9
335800;;;CHOCOLATE;SEASHELLS;7774.0;6
335900;;;ROSES;SEASHELLS;14263.0;2
336200;;;GIFT_BASKET;SEASHELLS;69971.0;2
336700;;;GIFT_BASKET;SEASHELLS;69991.0;1
336700;;;CHOCOLATE;SEASHELLS;7772.0;6
336900;;;GIFT_BASKET;SEASHELLS;69989.0;6
336900;;;GIFT_BASKET;SEASHELLS;69990.0;2
337300;;;STRAWBERRIES;SEASHELLS;4028.0;7
337300;;;ROSES;SEASHELLS;14276.0;4
337800;;;CHOCOLATE;SEASHELLS;7773.0;5
337800;;;ROSES;SEASHELLS;14295.0;1
337900;;;ROSES;SEASHELLS;14295.0;11
338300;;;STRAWBERRIES;SEASHELLS;4026.0;7
338500;;;CHOCOLATE;SEASHELLS;7775.0;8
338500;;;STRAWBERRIES;SEASHELLS;4026.0;4
340100;;;ROSES;SEASHELLS;14291.0;4
340400;;;STRAWBERRIES;SEASHELLS;4023.0;7
341200;;;STRAWBERRIES;SEASHELLS;4023.0;6
341300;;;STRAWBERRIES;SEASHELLS;4024.0;4
341600;;;CHOCOLATE;SEASHELLS;7778.0;8
342300;;;GIFT_BASKET;SEASHELLS;69918.0;2
342300;;;GIFT_BASKET;SEASHELLS;69919.0;1
342600;;;ROSES;SEASHELLS;14282.0;4
342900;;;STRAWBERRIES;SEASHELLS;4022.0;4
342900;;;GIFT_BASKET;SEASHELLS;69942.0;3
343000;;;CHOCOLATE;SEASHELLS;7779.0;5
343100;;;CHOCOLATE;SEASHELLS;7778.0;9
343200;;;ROSES;SEASHELLS;14274.0;2
343200;;;STRAWBERRIES;SEASHELLS;4022.0;12
343500;;;CHOCOLATE;SEASHELLS;7780.0;5
343500;;;STRAWBERRIES;SEASHELLS;4022.0;8
343600;;;STRAWBERRIES;SEASHELLS;4022.0;6
343900;;;STRAWBERRIES;SEASHELLS;4021.0;6
344400;;;ROSES;SEASHELLS;14262.0;5
344600;;;GIFT_BASKET;SEASHELLS;69939.0;2
344700;;;STRAWBERRIES;SEASHELLS;4021.0;5
344800;;;CHOCOLATE;SEASHELLS;7777.0;5
345000;;;ROSES;SEASHELLS;14260.0;11
345300;;;CHOCOLATE;SEASHELLS;7777.0;7
345300;;;ROSES;SEASHELLS;14261.0;4
345400;;;CHOCOLATE;SEASHELLS;7777.0;5
345900;;;STRAWBERRIES;SEASHELLS;4017.0;10
346000;;;GIFT_BASKET;SEASHELLS;69888.0;1
347100;;;CHOCOLATE;SEASHELLS;7779.0;9
347200;;;CHOCOLATE;SEASHELLS;7779.0;8
347300;;;STRAWBERRIES;SEASHELLS;4017.0;6
347400;;;STRAWBERRIES;SEASHELLS;4016.0;5
347400;;;CHOCOLATE;SEASHELLS;7782.0;5
348600;;;STRAWBERRIES;SEASHELLS;4018.0;7
348700;;;STRAWBERRIES;SEASHELLS;4017.0;11
348800;;;STRAWBERRIES;SEASHELLS;4017.0;9
349000;;;GIFT_BASKET;SEASHELLS;69942.0;1
349100;;;ROSES;SEASHELLS;14243.0;5
349500;;;STRAWBERRIES;SEASHELLS;4017.0;4
349600;;;CHOCOLATE;SEASHELLS;7785.0;7
349800;;;ROSES;SEASHELLS;14245.0;4
350200;;;GIFT_BASKET;SEASHELLS;69907.0;4
350200;;;GIFT_BASKET;SEASHELLS;69908.0;1
350400;;;ROSES;SEASHELLS;14257.0;2
350500;;;STRAWBERRIES;SEASHELLS;4016.0;8
350600;;;CHOCOLATE;SEASHELLS;7782.0;5
351000;;;STRAWBERRIES;SEASHELLS;4016.0;8
351100;;;ROSES;SEASHELLS;14271.0;3
351600;;;STRAWBERRIES;SEASHELLS;4016.0;10
351700;;;ROSES;SEASHELLS;14267.0;5
351700;;;GIFT_BASKET;SEASHELLS;69929.0;2
351700;;;GIFT_BASKET;SEASHELLS;69929.0;1
351800;;;CHOCOLATE;SEASHELLS;7790.0;7
352300;;;CHOCOLATE;SEASHELLS;7786.0;9
352400;;;ROSES;SEASHELLS;14277.0;3
353300;;;GIFT_BASKET;SEASHELLS;69957.0;2
353500;;;STRAWBERRIES;SEASHELLS;4013.0;11
353800;;;ROSES;SEASHELLS;14287.0;4
354000;;;STRAWBERRIES;SEASHELLS;4014.0;6
354100;;;CHOCOLATE;SEASHELLS;7787.0;6
354200;;;CHOCOLATE;SEASHELLS;7786.0;7
355300;;;CHOCOLATE;SEASHELLS;7781.0;8
355700;;;STRAWBERRIES;SEASHELLS;4012.0;5
355800;;;CHOCOLATE;SEASHELLS;7785.0;5
356900;;;STRAWBERRIES;SEASHELLS;4011.0;9
357300;;;STRAWBERRIES;SEASHELLS;4013.0;7
357600;;;ROSES;SEASHELLS;14255.0;3
357600;;;CHOCOLATE;SEASHELLS;7792.0;5
357700;;;STRAWBERRIES;SEASHELLS;4012.0;4
358200;;;GIFT_BASKET;SEASHELLS;69837.0;8
358200;;;ROSES;SEASHELLS;14254.0;5
358300;;;ROSES;SEASHELLS;14253.0;5
358600;;;ROSES;SEASHELLS;14251.0;5
358700;;;STRAWBERRIES;SEASHELLS;4014.0;8
358800;;;STRAWBERRIES;SEASHELLS;4013.0;10
359300;;;ROSES;SEASHELLS;14253.0;2
359700;;;STRAWBERRIES;SEASHELLS;4014.0;6
360900;;;CHOCOLATE;SEASHELLS;7784.0;8
361200;;;CHOCOLATE;SEASHELLS;7786.0;6
361700;;;ROSES;SEASHELLS;14244.0;1
361800;;;STRAWBERRIES;SEASHELLS;4011.0;6
362100;;;CHOCOLATE;SEASHELLS;7784.0;6
362200;;;STRAWBERRIES;SEASHELLS;4012.0;8
362500;;;STRAWBERRIES;SEASHELLS;4012.0;10
362600;;;GIFT_BASKET;SEASHELLS;69834.0;3
362600;;;CHOCOLATE;SEASHELLS;7788.0;6
363000;;;CHOCOLATE;SEASHELLS;7791.0;6
363200;;;ROSES;SEASHELLS;14233.0;3
364000;;;ROSES;SEASHELLS;14238.0;3
364000;;;STRAWBERRIES;SEASHELLS;4014.0;5
364300;;;CHOCOLATE;SEASHELLS;7789.0;7
364300;;;ROSES;SEASHELLS;14245.0;2
364400;;;STRAWBERRIES;SEASHELLS;4014.0;10
364500;;;CHOCOLATE;SEASHELLS;7788.0;6
364800;;;STRAWBERRIES;SEASHELLS;4013.0;6
365100;;;ROSES;SEASHELLS;14257.0;4
365600;;;ROSES;SEASHELLS;14255.0;5
365700;;;STRAWBERRIES;SEASHELLS;4015.0;5
365800;;;STRAWBERRIES;SEASHELLS;4014.0;8
366000;;;ROSES;SEASHELLS;14258.0;3
366100;;;ROSES;SEASHELLS;14261.0;1
366400;;;ROSES;SEASHELLS;14261.0;1
366600;;;ROSES;SEASHELLS;14265.0;4
366700;;;STRAWBERRIES;SEASHELLS;4014.0;6
366900;;;STRAWBERRIES;SEASHELLS;4013.0;4
366900;;;ROSES;SEASHELLS;14263.0;10
367100;;;ROSES;SEASHELLS;14263.0;1
367400;;;STRAWBERRIES;SEASHELLS;4013.0;10
367700;;;STRAWBERRIES;SEASHELLS;4013.0;9
368800;;;ROSES;SEASHELLS;14269.0;2
368900;;;GIFT_BASKET;SEASHELLS;69851.0;2
368900;;;GIFT_BASKET;SEASHELLS;69850.0;3
369100;;;STRAWBERRIES;SEASHELLS;4015.0;4
369100;;;ROSES;SEASHELLS;14264.0;4
369300;;;CHOCOLATE;SEASHELLS;7783.0;7
369400;;;ROSES;SEASHELLS;14270.0;2
369400;;;STRAWBERRIES;SEASHELLS;4014.0;5
369500;;;STRAWBERRIES;SEASHELLS;4014.0;6
369900;;;STRAWBERRIES;SEASHELLS;4015.0;7
370000;;;STRAWBERRIES;SEASHELLS;4014.0;7
370200;;;ROSES;SEASHELLS;14283.0;5
370300;;;STRAWBERRIES;SEASHELLS;4014.0;7
370400;;;ROSES;SEASHELLS;14280.0;3
370500;;;STRAWBERRIES;SEASHELLS;4015.0;8
370500;;;STRAWBERRIES;SEASHELLS;4013.0;6
371100;;;CHOCOLATE;SEASHELLS;7778.0;7
371700;;;CHOCOLATE;SEASHELLS;7778.0;8
372100;;;CHOCOLATE;SEASHELLS;7778.0;6
372400;;;STRAWBERRIES;SEASHELLS;4015.0;5
372800;;;STRAWBERRIES;SEASHELLS;4014.0;8
372800;;;CHOCOLATE;SEASHELLS;7775.0;8
373000;;;GIFT_BASKET;SEASHELLS;69859.0;2
373100;;;ROSES;SEASHELLS;14280.0;3
373300;;;CHOCOLATE;SEASHELLS;7776.0;7
373300;;;ROSES;SEASHELLS;14283.0;2
373400;;;STRAWBERRIES;SEASHELLS;4015.0;6
374000;;;CHOCOLATE;SEASHELLS;7773.0;7
374400;;;CHOCOLATE;SEASHELLS;7776.0;5
374600;;;GIFT_BASKET;SEASHELLS;69823.0;6
375100;;;CHOCOLATE;SEASHELLS;7777.0;5
375100;;;STRAWBERRIES;SEASHELLS;4015.0;10
375200;;;ROSES;SEASHELLS;14282.0;3
375400;;;ROSES;SEASHELLS;14281.0;5
375700;;;CHOCOLATE;SEASHELLS;7779.0;8
376200;;;ROSES;SEASHELLS;14295.0;5
377300;;;STRAWBERRIES;SEASHELLS;4014.0;6
378100;;;CHOCOLATE;SEASHELLS;7784.0;8
378300;;;GIFT_BASKET;SEASHELLS;69905.0;1
378300;;;GIFT_BASKET;SEASHELLS;69906.0;2
378700;;;STRAWBERRIES;SEASHELLS;4015.0;5
378700;;;ROSES;SEASHELLS;14305.0;4
378900;;;ROSES;SEASHELLS;14307.0;5
379100;;;ROSES;SEASHELLS;14308.0;1
379800;;;CHOCOLATE;SEASHELLS;7779.0;7
380100;;;STRAWBERRIES;SEASHELLS;4014.0;8
380300;;;ROSES;SEASHELLS;14317.0;4
380600;;;CHOCOLATE;SEASHELLS;7780.0;6
381400;;;STRAWBERRIES;SEASHELLS;4013.0;6
381900;;;ROSES;SEASHELLS;14319.0;5
382000;;;CHOCOLATE;SEASHELLS;7783.0;7
382200;;;GIFT_BASKET;SEASHELLS;69923.0;7
382200;;;GIFT_BASKET;SEASHELLS;69923.0;1
382300;;;STRAWBERRIES;SEASHELLS;4014.0;9
382300;;;CHOCOLATE;SEASHELLS;7783.0;6
382400;;;GIFT_BASKET;SEASHELLS;69935.0;2
382400;;;CHOCOLATE;SEASHELLS;7783.0;8
382500;;;STRAWBERRIES;SEASHELLS;4012.0;11
382800;;;ROSES;SEASHELLS;14314.0;2
382800;;;CHOCOLATE;SEASHELLS;7781.0;7
383200;;;ROSES;SEASHELLS;14304.0;5
383800;;;STRAWBERRIES;SEASHELLS;4012.0;10
383800;;;ROSES;SEASHELLS;14294.0;2
384300;;;STRAWBERRIES;SEASHELLS;4014.0;8
384500;;;STRAWBERRIES;SEASHELLS;4012.0;6
385200;;;CHOCOLATE;SEASHELLS;7786.0;6
385300;;;CHOCOLATE;SEASHELLS;7788.0;8
385500;;;GIFT_BASKET;SEASHELLS;69906.0;2
385900;;;GIFT_BASKET;SEASHELLS;69856.0;1
386000;;;ROSES;SEASHELLS;14315.0;3
386000;;;GIFT_BASKET;SEASHELLS;69860.0;9
386400;;;STRAWBERRIES;SEASHELLS;4011.0;5
387000;;;STRAWBERRIES;SEASHELLS;4013.0;4
387100;;;STRAWBERRIES;SEASHELLS;4012.0;9
387200;;;STRAWBERRIES;SEASHELLS;4011.0;3
388500;;;STRAWBERRIES;SEASHELLS;4009.0;8
388600;;;STRAWBERRIES;SEASHELLS;4009.0;6
389500;;;STRAWBERRIES;SEASHELLS;4008.0;4
389700;;;STRAWBERRIES;SEASHELLS;4009.0;10
390300;;;STRAWBERRIES;SEASHELLS;4009.0;9
390400;;;GIFT_BASKET;SEASHELLS;69857.0;2
390400;;;GIFT_BASKET;SEASHELLS;69856.0;2
390400;;;CHOCOLATE;SEASHELLS;7781.0;8
390800;;;STRAWBERRIES;SEASHELLS;4009.0;10
391000;;;STRAWBERRIES;SEASHELLS;4009.0;7
391100;;;STRAWBERRIES;SEASHELLS;4010.0;7
391900;;;STRAWBERRIES;SEASHELLS;4010.0;7
391900;;;CHOCOLATE;SEASHELLS;7774.0;6
392500;;;CHOCOLATE;SEASHELLS;7772.0;8
393100;;;GIFT_BASKET;SEASHELLS;69872.0;1
393400;;;CHOCOLATE;SEASHELLS;7777.0;7
393400;;;GIFT_BASKET;SEASHELLS;69830.0;1
393400;;;GIFT_BASKET;SEASHELLS;69829.0;3
394100;;;STRAWBERRIES;SEASHELLS;4008.0;4
394400;;;GIFT_BASKET;SEASHELLS;69800.0;1
394600;;;GIFT_BASKET;SEASHELLS;69810.0;8
394700;;;STRAWBERRIES;SEASHELLS;4006.0;8
395000;;;ROSES;SEASHELLS;14327.0;5
395200;;;STRAWBERRIES;SEASHELLS;4005.0;7
395400;;;GIFT_BASKET;SEASHELLS;69752.0;2
396400;;;CHOCOLATE;SEASHELLS;7776.0;7
396500;;;GIFT_BASKET;SEASHELLS;69728.0;2
396500;;;GIFT_BASKET;SEASHELLS;69728.0;1
396600;;;GIFT_BASKET;SEASHELLS;69739.0;1
396600;;;ROSES;SEASHELLS;14312.0;2
396700;;;CHOCOLATE;SEASHELLS;7777.0;6
397100;;;CHOCOLATE;SEASHELLS;7781.0;5
397200;;;STRAWBERRIES;SEASHELLS;4003.0;9
397800;;;ROSES;SEASHELLS;14305.0;3
397900;;;CHOCOLATE;SEASHELLS;7784.0;6
397900;;;CHOCOLATE;SEASHELLS;7784.0;9
397900;;;ROSES;SEASHELLS;14307.0;3
398100;;;CHOCOLATE;SEASHELLS;7785.0;8
398100;;;STRAWBERRIES;SEASHELLS;4005.0;4
398300;;;STRAWBERRIES;SEASHELLS;4004.0;11
398400;;;STRAWBERRIES;SEASHELLS;4005.0;6
398500;;;STRAWBERRIES;SEASHELLS;4004.0;7
399400;;;STRAWBERRIES;SEASHELLS;4005.0;11
399500;;;STRAWBERRIES;SEASHELLS;4005.0;6
399600;;;ROSES;SEASHELLS;14322.0;10
400000;;;GIFT_BASKET;SEASHELLS;69802.0;4
400000;;;CHOCOLATE;SEASHELLS;7787.0;7
400000;;;STRAWBERRIES;SEASHELLS;4006.0;8
400200;;;STRAWBERRIES;SEASHELLS;4005.0;10
400300;;;ROSES;SEASHELLS;14307.0;3
400400;;;ROSES;SEASHELLS;14312.0;2
400800;;;CHOCOLATE;SEASHELLS;7788.0;8
401000;;;STRAWBERRIES;SEASHELLS;4004.0;9
401200;;;CHOCOLATE;SEASHELLS;7789.0;5
401400;;;CHOCOLATE;SEASHELLS;7789.0;6
401600;;;CHOCOLATE;SEASHELLS;7791.0;5
401900;;;ROSES;SEASHELLS;14298.0;1
402000;;;CHOCOLATE;SEASHELLS;7787.0;6
402200;;;STRAWBERRIES;SEASHELLS;4005.0;9
402200;;;STRAWBERRIES;SEASHELLS;4005.0;10
402700;;;STRAWBERRIES;SEASHELLS;4004.0;7
403100;;;CHOCOLATE;SEASHELLS;7787.0;6
403200;;;CHOCOLATE;SEASHELLS;7787.0;6
403600;;;CHOCOLATE;SEASHELLS;7785.0;8
403700;;;ROSES;SEASHELLS;14299.0;5
403800;;;GIFT_BASKET;SEASHELLS;69799.0;2
403900;;;GIFT_BASKET;SEASHELLS;69813.0;2
404200;;;GIFT_BASKET;SEASHELLS;69832.0;2
404500;;;GIFT_BASKET;SEASHELLS;69836.0;1
404600;;;ROSES;SEASHELLS;14301.0;4
404600;;;CHOCOLATE;SEASHELLS;7782.0;4
404900;;;GIFT_BASKET;SEASHELLS;69821.0;3
405600;;;CHOCOLATE;SEASHELLS;7781.0;5
405800;;;ROSES;SEASHELLS;14288.0;3
406200;;;GIFT_BASKET;SEASHELLS;69808.0;7
406300;;;STRAWBERRIES;SEASHELLS;4007.0;10
406500;;;STRAWBERRIES;SEASHELLS;4007.0;4
406700;;;ROSES;SEASHELLS;14287.0;5
407300;;;STRAWBERRIES;SEASHELLS;4008.0;7
407300;;;ROSES;SEASHELLS;14289.0;3
407500;;;CHOCOLATE;SEASHELLS;7785.0;7
407600;;;CHOCOLATE;SEASHELLS;7786.0;6
407900;;;GIFT_BASKET;SEASHELLS;69847.0;1
408300;;;CHOCOLATE;SEASHELLS;7788.0;7
408300;;;STRAWBERRIES;SEASHELLS;4007.0;11
408500;;;STRAWBERRIES;SEASHELLS;4006.0;5
408600;;;ROSES;SEASHELLS;14290.0;4
408600;;;STRAWBERRIES;SEASHELLS;4007.0;8
408800;;;ROSES;SEASHELLS;14284.0;5
409500;;;STRAWBERRIES;SEASHELLS;4007.0;10
409900;;;CHOCOLATE;SEASHELLS;7788.0;6
410700;;;STRAWBERRIES;SEASHELLS;4007.0;5
410700;;;GIFT_BASKET;SEASHELLS;69799.0;1
410900;;;ROSES;SEASHELLS;14288.0;5
411000;;;STRAWBERRIES;SEASHELLS;4008.0;10
411100;;;STRAWBERRIES;SEASHELLS;4006.0;10
411400;;;STRAWBERRIES;SEASHELLS;4008.0;5
411500;;;ROSES;SEASHELLS;14286.0;4
411500;;;STRAWBERRIES;SEASHELLS;4006.0;5
411700;;;STRAWBERRIES;SEASHELLS;4008.0;10
412000;;;CHOCOLATE;SEASHELLS;7781.0;7
412300;;;CHOCOLATE;SEASHELLS;7784.0;8
412500;;;CHOCOLATE;SEASHELLS;7785.0;5
412600;;;STRAWBERRIES;SEASHELLS;4008.0;10
412800;;;GIFT_BASKET;SEASHELLS;69817.0;1
412900;;;ROSES;SEASHELLS;14295.0;2
413000;;;STRAWBERRIES;SEASHELLS;4008.0;8
413700;;;STRAWBERRIES;SEASHELLS;4010.0;9
413900;;;CHOCOLATE;SEASHELLS;7783.0;10
414100;;;GIFT_BASKET;SEASHELLS;69835.0;1
414400;;;STRAWBERRIES;SEASHELLS;4011.0;7
414500;;;ROSES;SEASHELLS;14303.0;1
414500;;;GIFT_BASKET;SEASHELLS;69833.0;2
415200;;;GIFT_BASKET;SEASHELLS;69831.0;6
415200;;;STRAWBERRIES;SEASHELLS;4013.0;7
415700;;;CHOCOLATE;SEASHELLS;7784.0;6
416000;;;STRAWBERRIES;SEASHELLS;4011.0;7
416200;;;STRAWBERRIES;SEASHELLS;4013.0;6
416400;;;CHOCOLATE;SEASHELLS;7780.0;7
416500;;;STRAWBERRIES;SEASHELLS;4012.0;10
416700;;;CHOCOLATE;SEASHELLS;7780.0;8
416700;;;GIFT_BASKET;SEASHELLS;69820.0;10
417500;;;STRAWBERRIES;SEASHELLS;4010.0;8
417500;;;ROSES;SEASHELLS;14308.0;5
418100;;;GIFT_BASKET;SEASHELLS;69811.0;2
419600;;;CHOCOLATE;SEASHELLS;7785.0;6
419900;;;STRAWBERRIES;SEASHELLS;4009.0;4
420100;;;ROSES;SEASHELLS;14308.0;3
420200;;;STRAWBERRIES;SEASHELLS;4009.0;6
420600;;;CHOCOLATE;SEASHELLS;7786.0;7
420700;;;CHOCOLATE;SEASHELLS;7787.0;10
420900;;;GIFT_BASKET;SEASHELLS;69831.0;2
421200;;;STRAWBERRIES;SEASHELLS;4010.0;9
421300;;;ROSES;SEASHELLS;14312.0;5
421300;;;STRAWBERRIES;SEASHELLS;4009.0;5
422000;;;GIFT_BASKET;SEASHELLS;69828.0;2
422100;;;STRAWBERRIES;SEASHELLS;4011.0;4
422600;;;ROSES;SEASHELLS;14295.0;2
422800;;;GIFT_BASKET;SEASHELLS;69812.0;3
422800;;;GIFT_BASKET;SEASHELLS;69806.0;4
422800;;;GIFT_BASKET;SEASHELLS;69807.0;1
423100;;;STRAWBERRIES;SEASHELLS;4009.0;5
423300;;;ROSES;SEASHELLS;14297.0;1
423400;;;STRAWBERRIES;SEASHELLS;4008.0;11
424100;;;ROSES;SEASHELLS;14298.0;4
424300;;;STRAWBERRIES;SEASHELLS;4009.0;4
424400;;;CHOCOLATE;SEASHELLS;7785.0;8
424700;;;GIFT_BASKET;SEASHELLS;69888.0;4
424700;;;ROSES;SEASHELLS;14295.0;5
425200;;;STRAWBERRIES;SEASHELLS;4011.0;8
425400;;;STRAWBERRIES;SEASHELLS;4011.0;5
425800;;;STRAWBERRIES;SEASHELLS;4011.0;4
425900;;;ROSES;SEASHELLS;14304.0;5
426100;;;CHOCOLATE;SEASHELLS;7787.0;5
426200;;;STRAWBERRIES;SEASHELLS;4013.0;5
426300;;;STRAWBERRIES;SEASHELLS;4012.0;10
426400;;;STRAWBERRIES;SEASHELLS;4011.0;10
426400;;;ROSES;SEASHELLS;14299.0;2
426600;;;GIFT_BASKET;SEASHELLS;69878.0;1
426600;;;GIFT_BASKET;SEASHELLS;69877.0;2
427200;;;GIFT_BASKET;SEASHELLS;69901.0;1
427400;;;ROSES;SEASHELLS;14304.0;5
427600;;;STRAWBERRIES;SEASHELLS;4009.0;4
427700;;;ROSES;SEASHELLS;14301.0;2
427800;;;STRAWBERRIES;SEASHELLS;4011.0;5
427900;;;ROSES;SEASHELLS;14297.0;4
428700;;;CHOCOLATE;SEASHELLS;7791.0;5
428900;;;GIFT_BASKET;SEASHELLS;69841.0;5
429000;;;ROSES;SEASHELLS;14287.0;1
429200;;;CHOCOLATE;SEASHELLS;7791.0;6
429600;;;ROSES;SEASHELLS;14288.0;1
429800;;;GIFT_BASKET;SEASHELLS;69852.0;4
430000;;;STRAWBERRIES;SEASHELLS;4008.0;4
430100;;;CHOCOLATE;SEASHELLS;7785.0;8
430800;;;CHOCOLATE;SEASHELLS;7786.0;8
431200;;;ROSES;SEASHELLS;14294.0;5
431300;;;ROSES;SEASHELLS;14291.0;3
431800;;;ROSES;SEASHELLS;14292.0;4
431800;;;GIFT_BASKET;SEASHELLS;69814.0;2
432400;;;CHOCOLATE;SEASHELLS;7781.0;5
432500;;;GIFT_BASKET;SEASHELLS;69809.0;1
432500;;;STRAWBERRIES;SEASHELLS;4007.0;4
432700;;;ROSES;SEASHELLS;14287.0;3
432800;;;STRAWBERRIES;SEASHELLS;4007.0;10
433200;;;ROSES;SEASHELLS;14287.0;2
433600;;;CHOCOLATE;SEASHELLS;7782.0;8
434000;;;GIFT_BASKET;SEASHELLS;69798.0;1
434000;;;ROSES;SEASHELLS;14299.0;4
434200;;;STRAWBERRIES;SEASHELLS;4008.0;6
434300;;;ROSES;SEASHELLS;14296.0;3
434400;;;CHOCOLATE;SEASHELLS;7780.0;7
434600;;;ROSES;SEASHELLS;14298.0;3
435100;;;ROSES;SEASHELLS;14300.0;4
435500;;;ROSES;SEASHELLS;14303.0;1
435900;;;ROSES;SEASHELLS;14301.0;2
436000;;;ROSES;SEASHELLS;14299.0;4
436500;;;STRAWBERRIES;SEASHELLS;4009.0;10
436700;;;CHOCOLATE;SEASHELLS;7770.0;10
436900;;;ROSES;SEASHELLS;14314.0;2
437600;;;GIFT_BASKET;SEASHELLS;69824.0;3
438000;;;STRAWBERRIES;SEASHELLS;4006.0;7
438100;;;STRAWBERRIES;SEASHELLS;4006.0;12
438100;;;ROSES;SEASHELLS;14312.0;5
438300;;;STRAWBERRIES;SEASHELLS;4008.0;12
438400;;;CHOCOLATE;SEASHELLS;7773.0;8
438700;;;STRAWBERRIES;SEASHELLS;4007.0;6
438700;;;CHOCOLATE;SEASHELLS;7772.0;7
439100;;;ROSES;SEASHELLS;14296.0;2
439100;;;GIFT_BASKET;SEASHELLS;69802.0;8
439200;;;GIFT_BASKET;SEASHELLS;69804.0;1
439500;;;GIFT_BASKET;SEASHELLS;69812.0;7
439500;;;GIFT_BASKET;SEASHELLS;69813.0;1
439800;;;ROSES;SEASHELLS;14296.0;1
440100;;;ROSES;SEASHELLS;14307.0;2
441200;;;CHOCOLATE;SEASHELLS;7768.0;8
441300;;;STRAWBERRIES;SEASHELLS;4005.0;8
441400;;;STRAWBERRIES;SEASHELLS;4006.0;6
441600;;;ROSES;SEASHELLS;14306.0;3
441700;;;STRAWBERRIES;SEASHELLS;4006.0;9
442200;;;CHOCOLATE;SEASHELLS;7763.0;7
442600;;;CHOCOLATE;SEASHELLS;7763.0;7
442800;;;STRAWBERRIES;SEASHELLS;4008.0;7
443300;;;CHOCOLATE;SEASHELLS;7768.0;8
443400;;;GIFT_BASKET;SEASHELLS;69803.0;6
443900;;;STRAWBERRIES;SEASHELLS;4008.0;5
443900;;;CHOCOLATE;SEASHELLS;7769.0;8
444000;;;ROSES;SEASHELLS;14296.0;8
444200;;;STRAWBERRIES;SEASHELLS;4007.0;4
444800;;;CHOCOLATE;SEASHELLS;7770.0;8
444900;;;GIFT_BASKET;SEASHELLS;69856.0;7
445000;;;CHOCOLATE;SEASHELLS;7768.0;7
445000;;;GIFT_BASKET;SEASHELLS;69866.0;6
445300;;;ROSES;SEASHELLS;14305.0;2
445600;;;STRAWBERRIES;SEASHELLS;4005.0;8
447000;;;ROSES;SEASHELLS;14295.0;2
448000;;;ROSES;SEASHELLS;14280.0;4
448500;;;CHOCOLATE;SEASHELLS;7759.0;4
448700;;;ROSES;SEASHELLS;14286.0;2
448800;;;CHOCOLATE;SEASHELLS;7762.0;8
448800;;;STRAWBERRIES;SEASHELLS;4009.0;7
449800;;;ROSES;SEASHELLS;14286.0;9
450300;;;ROSES;SEASHELLS;14286.0;6
450800;;;ROSES;SEASHELLS;14297.0;2
450800;;;CHOCOLATE;SEASHELLS;7768.0;6
452000;;;ROSES;SEASHELLS;14313.0;3
452100;;;CHOCOLATE;SEASHELLS;7772.0;7
452700;;;CHOCOLATE;SEASHELLS;7773.0;5
453300;;;STRAWBERRIES;SEASHELLS;4007.0;10
453300;;;GIFT_BASKET;SEASHELLS;69905.0;1
453700;;;ROSES;SEASHELLS;14319.0;1
453900;;;STRAWBERRIES;SEASHELLS;4007.0;10
454100;;;STRAWBERRIES;SEASHELLS;4007.0;4
454600;;;CHOCOLATE;SEASHELLS;7770.0;6
454600;;;STRAWBERRIES;SEASHELLS;4006.0;9
454700;;;ROSES;SEASHELLS;14313.0;3
454700;;;CHOCOLATE;SEASHELLS;7771.0;5
455200;;;ROSES;SEASHELLS;14324.0;2
455300;;;STRAWBERRIES;SEASHELLS;4004.0;5
455700;;;ROSES;SEASHELLS;14325.0;5
455800;;;STRAWBERRIES;SEASHELLS;4005.0;6
456200;;;ROSES;SEASHELLS;14334.0;1
457000;;;ROSES;SEASHELLS;14331.0;1
457000;;;CHOCOLATE;SEASHELLS;7771.0;5
457100;;;STRAWBERRIES;SEASHELLS;4005.0;12
457600;;;CHOCOLATE;SEASHELLS;7768.0;7
457800;;;CHOCOLATE;SEASHELLS;7768.0;8
457900;;;GIFT_BASKET;SEASHELLS;69911.0;1
458100;;;GIFT_BASKET;SEASHELLS;69926.0;5
458600;;;GIFT_BASKET;SEASHELLS;69910.0;1
458700;;;ROSES;SEASHELLS;14333.0;2
459000;;;CHOCOLATE;SEASHELLS;7765.0;7
459200;;;ROSES;SEASHELLS;14330.0;2
459600;;;STRAWBERRIES;SEASHELLS;4002.0;7
459700;;;STRAWBERRIES;SEASHELLS;4003.0;4
459800;;;GIFT_BASKET;SEASHELLS;69935.0;2
460100;;;ROSES;SEASHELLS;14335.0;1
460100;;;STRAWBERRIES;SEASHELLS;4002.0;7
460400;;;STRAWBERRIES;SEASHELLS;4004.0;6
460700;;;STRAWBERRIES;SEASHELLS;4004.0;9
460800;;;ROSES;SEASHELLS;14330.0;3
461000;;;GIFT_BASKET;SEASHELLS;69898.0;1
461300;;;STRAWBERRIES;SEASHELLS;4002.0;7
461800;;;STRAWBERRIES;SEASHELLS;4004.0;8
461900;;;CHOCOLATE;SEASHELLS;7766.0;7
462100;;;CHOCOLATE;SEASHELLS;7764.0;5
462700;;;ROSES;SEASHELLS;14317.0;3
463000;;;STRAWBERRIES;SEASHELLS;4005.0;6
463200;;;STRAWBERRIES;SEASHELLS;4003.0;4
463400;;;GIFT_BASKET;SEASHELLS;69848.0;1
463400;;;GIFT_BASKET;SEASHELLS;69849.0;1
463700;;;ROSES;SEASHELLS;14326.0;1
463800;;;ROSES;SEASHELLS;14328.0;2
463900;;;STRAWBERRIES;SEASHELLS;4003.0;7
464000;;;ROSES;SEASHELLS;14330.0;1
464100;;;ROSES;SEASHELLS;14327.0;2
465600;;;ROSES;SEASHELLS;14330.0;5
465900;;;CHOCOLATE;SEASHELLS;7751.0;4
466400;;;ROSES;SEASHELLS;14338.0;1
466700;;;CHOCOLATE;SEASHELLS;7753.0;8
466800;;;ROSES;SEASHELLS;14333.0;4
467200;;;ROSES;SEASHELLS;14338.0;2
467300;;;STRAWBERRIES;SEASHELLS;4001.0;4
467400;;;ROSES;SEASHELLS;14335.0;4
467700;;;ROSES;SEASHELLS;14333.0;4
468300;;;STRAWBERRIES;SEASHELLS;4002.0;10
468400;;;STRAWBERRIES;SEASHELLS;4003.0;6
468700;;;ROSES;SEASHELLS;14328.0;10
469100;;;STRAWBERRIES;SEASHELLS;4004.0;4
469200;;;STRAWBERRIES;SEASHELLS;4004.0;8
469500;;;STRAWBERRIES;SEASHELLS;4003.0;6
469500;;;ROSES;SEASHELLS;14332.0;4
469700;;;CHOCOLATE;SEASHELLS;7753.0;6
469800;;;CHOCOLATE;SEASHELLS;7755.0;6
470200;;;STRAWBERRIES;SEASHELLS;4003.0;12
470900;;;STRAWBERRIES;SEASHELLS;4005.0;5
471300;;;CHOCOLATE;SEASHELLS;7750.0;6
471700;;;STRAWBERRIES;SEASHELLS;4005.0;7
472300;;;ROSES;SEASHELLS;14330.0;5
472800;;;STRAWBERRIES;SEASHELLS;4003.0;7
473300;;;ROSES;SEASHELLS;14328.0;3
473600;;;CHOCOLATE;SEASHELLS;7740.0;7
473700;;;CHOCOLATE;SEASHELLS;7740.0;7
474000;;;CHOCOLATE;SEASHELLS;7740.0;8
474100;;;STRAWBERRIES;SEASHELLS;4003.0;9
474400;;;CHOCOLATE;SEASHELLS;7738.0;6
474600;;;CHOCOLATE;SEASHELLS;7739.0;9
475100;;;STRAWBERRIES;SEASHELLS;4005.0;7
475100;;;CHOCOLATE;SEASHELLS;7740.0;6
475100;;;ROSES;SEASHELLS;14333.0;5
475400;;;CHOCOLATE;SEASHELLS;7737.0;6
475400;;;STRAWBERRIES;SEASHELLS;4004.0;8
475600;;;ROSES;SEASHELLS;14328.0;3
476100;;;STRAWBERRIES;SEASHELLS;4004.0;10
476200;;;CHOCOLATE;SEASHELLS;7736.0;9
476300;;;STRAWBERRIES;SEASHELLS;4004.0;5
476600;;;STRAWBERRIES;SEASHELLS;4004.0;9
476700;;;CHOCOLATE;SEASHELLS;7734.0;5
476900;;;ROSES;SEASHELLS;14325.0;4
477000;;;CHOCOLATE;SEASHELLS;7736.0;6
477000;;;STRAWBERRIES;SEASHELLS;4003.0;10
477100;;;ROSES;SEASHELLS;14321.0;5
477400;;;ROSES;SEASHELLS;14320.0;9
477500;;;STRAWBERRIES;SEASHELLS;4004.0;10
477500;;;GIFT_BASKET;SEASHELLS;69820.0;1
477500;;;GIFT_BASKET;SEASHELLS;69820.0;6
477600;;;STRAWBERRIES;SEASHELLS;4003.0;4
477600;;;ROSES;SEASHELLS;14316.0;1
477700;;;GIFT_BASKET;SEASHELLS;69805.0;1
477800;;;STRAWBERRIES;SEASHELLS;4003.0;7
478000;;;CHOCOLATE;SEASHELLS;7732.0;8
478100;;;CHOCOLATE;SEASHELLS;7734.0;7
478800;;;GIFT_BASKET;SEASHELLS;69772.0;10
478800;;;CHOCOLATE;SEASHELLS;7729.0;5
478900;;;ROSES;SEASHELLS;14320.0;2
478900;;;CHOCOLATE;SEASHELLS;7729.0;5
479000;;;GIFT_BASKET;SEASHELLS;69771.0;2
479400;;;STRAWBERRIES;SEASHELLS;4002.0;4
479500;;;CHOCOLATE;SEASHELLS;7735.0;6
479500;;;ROSES;SEASHELLS;14322.0;1
480300;;;STRAWBERRIES;SEASHELLS;3999.0;10
480700;;;STRAWBERRIES;SEASHELLS;4000.0;11
481700;;;ROSES;SEASHELLS;14322.0;2
482100;;;GIFT_BASKET;SEASHELLS;69767.0;2
482100;;;GIFT_BASKET;SEASHELLS;69767.0;6
482200;;;CHOCOLATE;SEASHELLS;7729.0;6
482500;;;CHOCOLATE;SEASHELLS;7726.0;5
482800;;;CHOCOLATE;SEASHELLS;7727.0;4
482800;;;GIFT_BASKET;SEASHELLS;69774.0;2
482800;;;CHOCOLATE;SEASHELLS;7727.0;8
482800;;;GIFT_BASKET;SEASHELLS;69774.0;3
483300;;;ROSES;SEASHELLS;14317.0;1
483500;;;ROSES;SEASHELLS;14321.0;3
484000;;;ROSES;SEASHELLS;14314.0;2
484200;;;GIFT_BASKET;SEASHELLS;69779.0;2
484900;;;CHOCOLATE;SEASHELLS;7733.0;8
485300;;;STRAWBERRIES;SEASHELLS;3999.0;9
485500;;;CHOCOLATE;SEASHELLS;7735.0;6
485800;;;CHOCOLATE;SEASHELLS;7737.0;8
486100;;;ROSES;SEASHELLS;14293.0;3
486300;;;CHOCOLATE;SEASHELLS;7734.0;7
486300;;;ROSES;SEASHELLS;14293.0;5
486400;;;STRAWBERRIES;SEASHELLS;3997.0;6
486700;;;CHOCOLATE;SEASHELLS;7732.0;6
486900;;;CHOCOLATE;SEASHELLS;7731.0;5
487000;;;STRAWBERRIES;SEASHELLS;3997.0;6
487100;;;ROSES;SEASHELLS;14285.0;2
487400;;;STRAWBERRIES;SEASHELLS;3998.0;9
487400;;;ROSES;SEASHELLS;14294.0;5
487500;;;ROSES;SEASHELLS;14292.0;5
487500;;;ROSES;SEASHELLS;14293.0;4
487900;;;CHOCOLATE;SEASHELLS;7732.0;6
488200;;;STRAWBERRIES;SEASHELLS;3996.0;5
488600;;;GIFT_BASKET;SEASHELLS;69713.0;1
489000;;;STRAWBERRIES;SEASHELLS;3995.0;7
489300;;;STRAWBERRIES;SEASHELLS;3995.0;8
489700;;;STRAWBERRIES;SEASHELLS;3996.0;10
489700;;;STRAWBERRIES;SEASHELLS;3996.0;4
490500;;;ROSES;SEASHELLS;14289.0;4
491100;;;STRAWBERRIES;SEASHELLS;3998.0;8
491400;;;STRAWBERRIES;SEASHELLS;3997.0;6
491400;;;ROSES;SEASHELLS;14289.0;5
491900;;;GIFT_BASKET;SEASHELLS;69698.0;1
491900;;;CHOCOLATE;SEASHELLS;7728.0;7
491900;;;GIFT_BASKET;SEASHELLS;69698.0;5
492200;;;GIFT_BASKET;SEASHELLS;69689.0;2
492400;;;STRAWBERRIES;SEASHELLS;3999.0;9
492600;;;CHOCOLATE;SEASHELLS;7726.0;8
492800;;;STRAWBERRIES;SEASHELLS;4000.0;8
493300;;;ROSES;SEASHELLS;14293.0;4
493400;;;ROSES;SEASHELLS;14291.0;2
493500;;;STRAWBERRIES;SEASHELLS;3999.0;5
493600;;;CHOCOLATE;SEASHELLS;7726.0;7
493800;;;STRAWBERRIES;SEASHELLS;4000.0;9
494000;;;GIFT_BASKET;SEASHELLS;69713.0;1
494000;;;STRAWBERRIES;SEASHELLS;4002.0;5
494600;;;CHOCOLATE;SEASHELLS;7730.0;7
495000;;;ROSES;SEASHELLS;14283.0;1
495200;;;CHOCOLATE;SEASHELLS;7730.0;7
495400;;;ROSES;SEASHELLS;14280.0;2
495500;;;CHOCOLATE;SEASHELLS;7731.0;5
495900;;;STRAWBERRIES;SEASHELLS;4003.0;4
496100;;;STRAWBERRIES;SEASHELLS;4004.0;6
496200;;;CHOCOLATE;SEASHELLS;7733.0;8
496300;;;ROSES;SEASHELLS;14271.0;3
496400;;;STRAWBERRIES;SEASHELLS;4004.0;10
496500;;;ROSES;SEASHELLS;14270.0;4
496800;;;ROSES;SEASHELLS;14265.0;4
497000;;;CHOCOLATE;SEASHELLS;7732.0;5
497100;;;CHOCOLATE;SEASHELLS;7731.0;5
497500;;;CHOCOLATE;SEASHELLS;7730.0;8
497500;;;STRAWBERRIES;SEASHELLS;4004.0;9
497700;;;ROSES;SEASHELLS;14255.0;11
498000;;;STRAWBERRIES;SEASHELLS;4004.0;10
500100;;;GIFT_BASKET;SEASHELLS;69705.0;9
500500;;;CHOCOLATE;SEASHELLS;7728.0;5
500500;;;GIFT_BASKET;SEASHELLS;69735.0;2
500800;;;ROSES;SEASHELLS;14271.0;2
501000;;;CHOCOLATE;SEASHELLS;7725.0;4
501000;;;STRAWBERRIES;SEASHELLS;4007.0;5
501600;;;GIFT_BASKET;SEASHELLS;69731.0;7
501700;;;STRAWBERRIES;SEASHELLS;4008.0;4
501800;;;CHOCOLATE;SEASHELLS;7731.0;5
502200;;;CHOCOLATE;SEASHELLS;7733.0;6
502300;;;ROSES;SEASHELLS;14263.0;2
502400;;;CHOCOLATE;SEASHELLS;7732.0;8
502800;;;STRAWBERRIES;SEASHELLS;4009.0;5
503100;;;ROSES;SEASHELLS;14247.0;1
504000;;;ROSES;SEASHELLS;14243.0;2
504500;;;STRAWBERRIES;SEASHELLS;4009.0;5
504900;;;ROSES;SEASHELLS;14222.0;4
505500;;;ROSES;SEASHELLS;14236.0;3
505600;;;ROSES;SEASHELLS;14236.0;4
505600;;;STRAWBERRIES;SEASHELLS;4006.0;6
506000;;;STRAWBERRIES;SEASHELLS;4009.0;10
506100;;;STRAWBERRIES;SEASHELLS;4009.0;6
506600;;;CHOCOLATE;SEASHELLS;7734.0;10
506700;;;ROSES;SEASHELLS;14244.0;3
507700;;;CHOCOLATE;SEASHELLS;7735.0;10
508100;;;ROSES;SEASHELLS;14250.0;3
508400;;;STRAWBERRIES;SEASHELLS;4007.0;10
508400;;;GIFT_BASKET;SEASHELLS;69705.0;4
508600;;;STRAWBERRIES;SEASHELLS;4007.0;4
508800;;;CHOCOLATE;SEASHELLS;7735.0;7
509300;;;ROSES;SEASHELLS;14247.0;2
509700;;;ROSES;SEASHELLS;14239.0;5
509800;;;GIFT_BASKET;SEASHELLS;69734.0;6
510300;;;STRAWBERRIES;SEASHELLS;4005.0;6
510500;;;STRAWBERRIES;SEASHELLS;4005.0;5
512000;;;CHOCOLATE;SEASHELLS;7741.0;8
512100;;;STRAWBERRIES;SEASHELLS;4006.0;10
512300;;;CHOCOLATE;SEASHELLS;7741.0;10
512400;;;CHOCOLATE;SEASHELLS;7741.0;7
513100;;;STRAWBERRIES;SEASHELLS;4006.0;4
513400;;;GIFT_BASKET;SEASHELLS;69753.0;2
514000;;;GIFT_BASKET;SEASHELLS;69733.0;1
514000;;;GIFT_BASKET;SEASHELLS;69732.0;6
514500;;;CHOCOLATE;SEASHELLS;7733.0;5
515300;;;GIFT_BASKET;SEASHELLS;69773.0;10
515400;;;STRAWBERRIES;SEASHELLS;4007.0;5
515600;;;CHOCOLATE;SEASHELLS;7735.0;6
516500;;;CHOCOLATE;SEASHELLS;7736.0;8
516900;;;STRAWBERRIES;SEASHELLS;4007.0;9
517000;;;GIFT_BASKET;SEASHELLS;69718.0;2
517100;;;CHOCOLATE;SEASHELLS;7729.0;5
517300;;;CHOCOLATE;SEASHELLS;7731.0;8
517300;;;ROSES;SEASHELLS;14233.0;7
517700;;;ROSES;SEASHELLS;14236.0;1
517700;;;STRAWBERRIES;SEASHELLS;4010.0;10
518100;;;ROSES;SEASHELLS;14236.0;5
518400;;;ROSES;SEASHELLS;14235.0;3
518400;;;ROSES;SEASHELLS;14235.0;4
518900;;;CHOCOLATE;SEASHELLS;7733.0;5
519100;;;CHOCOLATE;SEASHELLS;7735.0;8
519700;;;GIFT_BASKET;SEASHELLS;69732.0;2
519700;;;GIFT_BASKET;SEASHELLS;69731.0;2
520000;;;CHOCOLATE;SEASHELLS;7735.0;7
520000;;;ROSES;SEASHELLS;14231.0;1
520900;;;GIFT_BASKET;SEASHELLS;69723.0;1
520900;;;STRAWBERRIES;SEASHELLS;4010.0;10
521100;;;ROSES;SEASHELLS;14234.0;3
521600;;;GIFT_BASKET;SEASHELLS;69756.0;1
521900;;;CHOCOLATE;SEASHELLS;7734.0;5
521900;;;ROSES;SEASHELLS;14225.0;2
522000;;;STRAWBERRIES;SEASHELLS;4010.0;7
522500;;;CHOCOLATE;SEASHELLS;7734.0;8
522800;;;STRAWBERRIES;SEASHELLS;4008.0;10
523900;;;CHOCOLATE;SEASHELLS;7728.0;8
524400;;;STRAWBERRIES;SEASHELLS;4007.0;3
524600;;;CHOCOLATE;SEASHELLS;7731.0;8
524600;;;STRAWBERRIES;SEASHELLS;4008.0;6
524700;;;STRAWBERRIES;SEASHELLS;4009.0;5
524900;;;STRAWBERRIES;SEASHELLS;4007.0;8
525000;;;STRAWBERRIES;SEASHELLS;4007.0;12
525100;;;ROSES;SEASHELLS;14241.0;2
525400;;;CHOCOLATE;SEASHELLS;7729.0;6
525900;;;STRAWBERRIES;SEASHELLS;4008.0;10
526100;;;STRAWBERRIES;SEASHELLS;4006.0;5
526200;;;GIFT_BASKET;SEASHELLS;69636.0;1
526200;;;GIFT_BASKET;SEASHELLS;69635.0;2
526300;;;CHOCOLATE;SEASHELLS;7725.0;7
526500;;;ROSES;SEASHELLS;14236.0;3
526700;;;ROSES;SEASHELLS;14238.0;3
526800;;;CHOCOLATE;SEASHELLS;7723.0;6
527200;;;STRAWBERRIES;SEASHELLS;4009.0;10
527800;;;ROSES;SEASHELLS;14251.0;4
527900;;;CHOCOLATE;SEASHELLS;7720.0;6
528100;;;GIFT_BASKET;SEASHELLS;69647.0;2
528300;;;STRAWBERRIES;SEASHELLS;4008.0;6
528500;;;CHOCOLATE;SEASHELLS;7721.0;6
528700;;;STRAWBERRIES;SEASHELLS;4009.0;5
528800;;;STRAWBERRIES;SEASHELLS;4008.0;4
528900;;;STRAWBERRIES;SEASHELLS;4008.0;5
529000;;;ROSES;SEASHELLS;14250.0;11
529100;;;STRAWBERRIES;SEASHELLS;4010.0;9
529200;;;CHOCOLATE;SEASHELLS;7721.0;6
529700;;;STRAWBERRIES;SEASHELLS;4007.0;5
530300;;;STRAWBERRIES;SEASHELLS;4006.0;5
530500;;;ROSES;SEASHELLS;14270.0;8
530500;;;ROSES;SEASHELLS;14270.0;4
530700;;;CHOCOLATE;SEASHELLS;7725.0;5
530800;;;ROSES;SEASHELLS;14276.0;5
531800;;;STRAWBERRIES;SEASHELLS;4011.0;9
531800;;;GIFT_BASKET;SEASHELLS;69646.0;1
531900;;;CHOCOLATE;SEASHELLS;7724.0;5
533200;;;CHOCOLATE;SEASHELLS;7725.0;6
533600;;;STRAWBERRIES;SEASHELLS;4010.0;6
533800;;;ROSES;SEASHELLS;14270.0;5
533900;;;STRAWBERRIES;SEASHELLS;4011.0;7
534800;;;STRAWBERRIES;SEASHELLS;4009.0;4
535000;;;ROSES;SEASHELLS;14252.0;4
535300;;;ROSES;SEASHELLS;14257.0;3
535300;;;GIFT_BASKET;SEASHELLS;69635.0;1
535400;;;ROSES;SEASHELLS;14254.0;5
535500;;;CHOCOLATE;SEASHELLS;7726.0;5
535900;;;CHOCOLATE;SEASHELLS;7722.0;5
536100;;;ROSES;SEASHELLS;14256.0;5
536100;;;GIFT_BASKET;SEASHELLS;69625.0;6
537100;;;CHOCOLATE;SEASHELLS;7725.0;5
537300;;;GIFT_BASKET;SEASHELLS;69614.0;1
537400;;;GIFT_BASKET;SEASHELLS;69609.0;2
537400;;;GIFT_BASKET;SEASHELLS;69609.0;1
537600;;;ROSES;SEASHELLS;14251.0;6
537900;;;ROSES;SEASHELLS;14252.0;5
539200;;;ROSES;SEASHELLS;14256.0;3
539400;;;STRAWBERRIES;SEASHELLS;4010.0;4
539500;;;CHOCOLATE;SEASHELLS;7720.0;4
539500;;;ROSES;SEASHELLS;14252.0;4
540600;;;ROSES;SEASHELLS;14262.0;4
540800;;;STRAWBERRIES;SEASHELLS;4009.0;9
541200;;;STRAWBERRIES;SEASHELLS;4010.0;9
541500;;;CHOCOLATE;SEASHELLS;7724.0;8
541700;;;ROSES;SEASHELLS;14260.0;1
541700;;;CHOCOLATE;SEASHELLS;7724.0;4
541900;;;STRAWBERRIES;SEASHELLS;4010.0;6
541900;;;CHOCOLATE;SEASHELLS;7724.0;5
542400;;;ROSES;SEASHELLS;14261.0;1
542600;;;STRAWBERRIES;SEASHELLS;4006.0;4
542600;;;GIFT_BASKET;SEASHELLS;69594.0;1
542900;;;STRAWBERRIES;SEASHELLS;4008.0;9
543700;;;STRAWBERRIES;SEASHELLS;4007.0;9
543900;;;CHOCOLATE;SEASHELLS;7719.0;5
544000;;;GIFT_BASKET;SEASHELLS;69588.0;6
544000;;;CHOCOLATE;SEASHELLS;7718.0;8
544100;;;STRAWBERRIES;SEASHELLS;4005.0;3
544400;;;ROSES;SEASHELLS;14259.0;4
544700;;;ROSES;SEASHELLS;14259.0;1
544900;;;ROSES;SEASHELLS;14260.0;2
545400;;;STRAWBERRIES;SEASHELLS;4006.0;6
545900;;;CHOCOLATE;SEASHELLS;7719.0;7
545900;;;GIFT_BASKET;SEASHELLS;69531.0;2
546000;;;ROSES;SEASHELLS;14262.0;2
546200;;;STRAWBERRIES;SEASHELLS;4006.0;5
546900;;;ROSES;SEASHELLS;14262.0;2
547100;;;STRAWBERRIES;SEASHELLS;4006.0;9
547100;;;CHOCOLATE;SEASHELLS;7721.0;5
548100;;;STRAWBERRIES;SEASHELLS;4007.0;4
548200;;;STRAWBERRIES;SEASHELLS;4006.0;9
548400;;;STRAWBERRIES;SEASHELLS;4006.0;4
549800;;;CHOCOLATE;SEASHELLS;7718.0;6
550100;;;GIFT_BASKET;SEASHELLS;69521.0;8
550500;;;STRAWBERRIES;SEASHELLS;4009.0;11
550900;;;ROSES;SEASHELLS;14272.0;4
551300;;;ROSES;SEASHELLS;14265.0;3
552000;;;CHOCOLATE;SEASHELLS;7721.0;5
552800;;;CHOCOLATE;SEASHELLS;7719.0;6
552900;;;CHOCOLATE;SEASHELLS;7720.0;6
553000;;;CHOCOLATE;SEASHELLS;7721.0;5
553100;;;GIFT_BASKET;SEASHELLS;69512.0;2
553400;;;CHOCOLATE;SEASHELLS;7726.0;6
553500;;;CHOCOLATE;SEASHELLS;7726.0;5
553500;;;ROSES;SEASHELLS;14248.0;1
553700;;;STRAWBERRIES;SEASHELLS;4010.0;5
554500;;;CHOCOLATE;SEASHELLS;7730.0;6
554600;;;GIFT_BASKET;SEASHELLS;69589.0;1
555200;;;CHOCOLATE;SEASHELLS;7733.0;6
555200;;;GIFT_BASKET;SEASHELLS;69606.0;2
555300;;;CHOCOLATE;SEASHELLS;7733.0;7
555800;;;STRAWBERRIES;SEASHELLS;4007.0;5
555900;;;STRAWBERRIES;SEASHELLS;4006.0;6
556000;;;GIFT_BASKET;SEASHELLS;69597.0;2
556700;;;GIFT_BASKET;SEASHELLS;69615.0;8
557000;;;STRAWBERRIES;SEASHELLS;4008.0;9
557100;;;STRAWBERRIES;SEASHELLS;4007.0;7
557100;;;ROSES;SEASHELLS;14256.0;5
557700;;;STRAWBERRIES;SEASHELLS;4007.0;6
557800;;;STRAWBERRIES;SEASHELLS;4009.0;10
558100;;;ROSES;SEASHELLS;14254.0;5
558300;;;ROSES;SEASHELLS;14260.0;2
558600;;;ROSES;SEASHELLS;14266.0;2
558700;;;ROSES;SEASHELLS;14259.0;1
558800;;;ROSES;SEASHELLS;14259.0;5
559100;;;ROSES;SEASHELLS;14261.0;2
559300;;;STRAWBERRIES;SEASHELLS;4010.0;10
559700;;;STRAWBERRIES;SEASHELLS;4008.0;7
559800;;;STRAWBERRIES;SEASHELLS;4008.0;4
559900;;;CHOCOLATE;SEASHELLS;7740.0;8
560800;;;STRAWBERRIES;SEASHELLS;4009.0;5
561000;;;CHOCOLATE;SEASHELLS;7739.0;8
561200;;;CHOCOLATE;SEASHELLS;7740.0;8
561800;;;STRAWBERRIES;SEASHELLS;4009.0;9
561800;;;STRAWBERRIES;SEASHELLS;4010.0;4
562200;;;GIFT_BASKET;SEASHELLS;69586.0;2
562200;;;STRAWBERRIES;SEASHELLS;4009.0;4
562300;;;STRAWBERRIES;SEASHELLS;4009.0;11
562600;;;GIFT_BASKET;SEASHELLS;69589.0;3
563000;;;STRAWBERRIES;SEASHELLS;4011.0;6
563400;;;STRAWBERRIES;SEASHELLS;4010.0;8
563900;;;CHOCOLATE;SEASHELLS;7741.0;5
564000;;;GIFT_BASKET;SEASHELLS;69571.0;1
564000;;;STRAWBERRIES;SEASHELLS;4012.0;9
564400;;;STRAWBERRIES;SEASHELLS;4014.0;6
564400;;;ROSES;SEASHELLS;14271.0;3
564600;;;CHOCOLATE;SEASHELLS;7737.0;6
564800;;;ROSES;SEASHELLS;14270.0;5
564800;;;STRAWBERRIES;SEASHELLS;4013.0;9
565100;;;GIFT_BASKET;SEASHELLS;69569.0;10
565500;;;ROSES;SEASHELLS;14265.0;3
565700;;;GIFT_BASKET;SEASHELLS;69585.0;6
565700;;;ROSES;SEASHELLS;14266.0;4
565800;;;GIFT_BASKET;SEASHELLS;69599.0;2
566000;;;STRAWBERRIES;SEASHELLS;4011.0;7
566100;;;STRAWBERRIES;SEASHELLS;4011.0;3
566400;;;STRAWBERRIES;SEASHELLS;4012.0;5
566600;;;STRAWBERRIES;SEASHELLS;4014.0;9
566700;;;CHOCOLATE;SEASHELLS;7734.0;5
566900;;;CHOCOLATE;SEASHELLS;7733.0;10
567100;;;CHOCOLATE;SEASHELLS;7736.0;7
567500;;;ROSES;SEASHELLS;14277.0;3
567600;;;GIFT_BASKET;SEASHELLS;69574.0;2
567600;;;GIFT_BASKET;SEASHELLS;69573.0;2
567700;;;STRAWBERRIES;SEASHELLS;4013.0;5
568400;;;ROSES;SEASHELLS;14281.0;4
568400;;;STRAWBERRIES;SEASHELLS;4012.0;12
568600;;;ROSES;SEASHELLS;14286.0;1
568600;;;CHOCOLATE;SEASHELLS;7737.0;5
569000;;;GIFT_BASKET;SEASHELLS;69579.0;2
569000;;;ROSES;SEASHELLS;14295.0;5
569100;;;CHOCOLATE;SEASHELLS;7738.0;7
569100;;;ROSES;SEASHELLS;14295.0;3
571000;;;STRAWBERRIES;SEASHELLS;4010.0;9
571200;;;STRAWBERRIES;SEASHELLS;4010.0;7
571300;;;CHOCOLATE;SEASHELLS;7737.0;5
571300;;;ROSES;SEASHELLS;14286.0;1
571600;;;GIFT_BASKET;SEASHELLS;69607.0;2
571600;;;STRAWBERRIES;SEASHELLS;4012.0;3
571800;;;CHOCOLATE;SEASHELLS;7736.0;7
571900;;;CHOCOLATE;SEASHELLS;7737.0;6
571900;;;ROSES;SEASHELLS;14293.0;2
572100;;;CHOCOLATE;SEASHELLS;7739.0;5
572300;;;GIFT_BASKET;SEASHELLS;69618.0;3
572700;;;STRAWBERRIES;SEASHELLS;4010.0;3
573000;;;ROSES;SEASHELLS;14295.0;1
573500;;;ROSES;SEASHELLS;14297.0;1
573700;;;STRAWBERRIES;SEASHELLS;4012.0;8
574000;;;GIFT_BASKET;SEASHELLS;69654.0;6
574000;;;GIFT_BASKET;SEASHELLS;69655.0;1
574100;;;CHOCOLATE;SEASHELLS;7732.0;6
574500;;;ROSES;SEASHELLS;14295.0;4
575100;;;ROSES;SEASHELLS;14302.0;2
575300;;;ROSES;SEASHELLS;14296.0;1
575300;;;STRAWBERRIES;SEASHELLS;4012.0;6
575900;;;STRAWBERRIES;SEASHELLS;4011.0;5
576000;;;CHOCOLATE;SEASHELLS;7730.0;5
576300;;;ROSES;SEASHELLS;14293.0;1
576800;;;ROSES;SEASHELLS;14291.0;3
577200;;;STRAWBERRIES;SEASHELLS;4006.0;10
577200;;;STRAWBERRIES;SEASHELLS;4006.0;9
577200;;;ROSES;SEASHELLS;14291.0;5
577400;;;ROSES;SEASHELLS;14288.0;2
577500;;;STRAWBERRIES;SEASHELLS;4005.0;6
577600;;;STRAWBERRIES;SEASHELLS;4005.0;9
577800;;;STRAWBERRIES;SEASHELLS;4005.0;5
577800;;;GIFT_BASKET;SEASHELLS;69635.0;2
577900;;;STRAWBERRIES;SEASHELLS;4004.0;6
578100;;;CHOCOLATE;SEASHELLS;7723.0;6
578200;;;ROSES;SEASHELLS;14283.0;4
578900;;;ROSES;SEASHELLS;14288.0;2
579100;;;ROSES;SEASHELLS;14286.0;3
579600;;;CHOCOLATE;SEASHELLS;7725.0;8
579600;;;STRAWBERRIES;SEASHELLS;4004.0;6
580000;;;CHOCOLATE;SEASHELLS;7726.0;5
580100;;;CHOCOLATE;SEASHELLS;7726.0;5
580200;;;ROSES;SEASHELLS;14277.0;5
580200;;;CHOCOLATE;SEASHELLS;7727.0;10
580200;;;STRAWBERRIES;SEASHELLS;4005.0;5
580500;;;ROSES;SEASHELLS;14278.0;1
580900;;;ROSES;SEASHELLS;14280.0;3
581300;;;STRAWBERRIES;SEASHELLS;4005.0;10
581400;;;CHOCOLATE;SEASHELLS;7723.0;6
582100;;;STRAWBERRIES;SEASHELLS;4004.0;9
582300;;;STRAWBERRIES;SEASHELLS;4004.0;7
582500;;;ROSES;SEASHELLS;14279.0;5
582600;;;CHOCOLATE;SEASHELLS;7729.0;5
582900;;;ROSES;SEASHELLS;14282.0;1
583000;;;CHOCOLATE;SEASHELLS;7729.0;4
583500;;;CHOCOLATE;SEASHELLS;7727.0;8
583800;;;STRAWBERRIES;SEASHELLS;4003.0;3
584800;;;ROSES;SEASHELLS;14259.0;3
585500;;;STRAWBERRIES;SEASHELLS;4004.0;4
585600;;;ROSES;SEASHELLS;14253.0;10
585700;;;ROSES;SEASHELLS;14255.0;4
585700;;;GIFT_BASKET;SEASHELLS;69536.0;7
586000;;;ROSES;SEASHELLS;14255.0;3
587000;;;STRAWBERRIES;SEASHELLS;4005.0;5
587000;;;STRAWBERRIES;SEASHELLS;4004.0;3
587100;;;CHOCOLATE;SEASHELLS;7728.0;6
588500;;;ROSES;SEASHELLS;14262.0;1
588500;;;CHOCOLATE;SEASHELLS;7729.0;6
588900;;;ROSES;SEASHELLS;14266.0;1
589700;;;STRAWBERRIES;SEASHELLS;4002.0;11
590000;;;CHOCOLATE;SEASHELLS;7735.0;8
590000;;;ROSES;SEASHELLS;14284.0;4
590900;;;CHOCOLATE;SEASHELLS;7734.0;7
591200;;;CHOCOLATE;SEASHELLS;7735.0;6
591400;;;STRAWBERRIES;SEASHELLS;4004.0;10
591500;;;ROSES;SEASHELLS;14265.0;3
591600;;;CHOCOLATE;SEASHELLS;7730.0;6
591700;;;STRAWBERRIES;SEASHELLS;4001.0;10
592400;;;CHOCOLATE;SEASHELLS;7730.0;5
592600;;;ROSES;SEASHELLS;14265.0;4
592700;;;CHOCOLATE;SEASHELLS;7731.0;5
592900;;;CHOCOLATE;SEASHELLS;7729.0;6
592900;;;ROSES;SEASHELLS;14271.0;2
593500;;;GIFT_BASKET;SEASHELLS;69562.0;1
593500;;;GIFT_BASKET;SEASHELLS;69567.0;1
593600;;;GIFT_BASKET;SEASHELLS;69555.0;1
593600;;;CHOCOLATE;SEASHELLS;7728.0;7
593700;;;GIFT_BASKET;SEASHELLS;69569.0;7
593700;;;CHOCOLATE;SEASHELLS;7730.0;5
594100;;;CHOCOLATE;SEASHELLS;7733.0;6
594300;;;CHOCOLATE;SEASHELLS;7734.0;8
594600;;;STRAWBERRIES;SEASHELLS;3999.0;4
594700;;;STRAWBERRIES;SEASHELLS;3999.0;7
594800;;;ROSES;SEASHELLS;14266.0;3
595100;;;STRAWBERRIES;SEASHELLS;3999.0;3
595600;;;GIFT_BASKET;SEASHELLS;69571.0;1
595600;;;ROSES;SEASHELLS;14256.0;3
596500;;;STRAWBERRIES;SEASHELLS;3999.0;4
596900;;;CHOCOLATE;SEASHELLS;7728.0;8
597500;;;STRAWBERRIES;SEASHELLS;4000.0;8
598300;;;STRAWBERRIES;SEASHELLS;3997.0;7
598300;;;ROSES;SEASHELLS;14245.0;4
598400;;;STRAWBERRIES;SEASHELLS;3998.0;4
598600;;;STRAWBERRIES;SEASHELLS;3997.0;4
598700;;;STRAWBERRIES;SEASHELLS;3996.0;4
598800;;;ROSES;SEASHELLS;14256.0;4
599300;;;STRAWBERRIES;SEASHELLS;3996.0;7
599300;;;CHOCOLATE;SEASHELLS;7727.0;7
599400;;;CHOCOLATE;SEASHELLS;7727.0;8
599400;;;ROSES;SEASHELLS;14254.0;1
599700;;;CHOCOLATE;SEASHELLS;7730.0;8
600000;;;STRAWBERRIES;SEASHELLS;3994.0;4
600100;;;GIFT_BASKET;SEASHELLS;69568.0;2
600300;;;CHOCOLATE;SEASHELLS;7735.0;8
600400;;;ROSES;SEASHELLS;14246.0;1
601200;;;CHOCOLATE;SEASHELLS;7733.0;8
601600;;;CHOCOLATE;SEASHELLS;7732.0;6
602100;;;ROSES;SEASHELLS;14245.0;4
602200;;;ROSES;SEASHELLS;14245.0;4
602300;;;STRAWBERRIES;SEASHELLS;3994.0;8
602400;;;CHOCOLATE;SEASHELLS;7736.0;7
602600;;;CHOCOLATE;SEASHELLS;7738.0;10
602600;;;ROSES;SEASHELLS;14244.0;3
602900;;;CHOCOLATE;SEASHELLS;7740.0;8
603200;;;ROSES;SEASHELLS;14246.0;4
603600;;;GIFT_BASKET;SEASHELLS;69555.0;1
603900;;;GIFT_BASKET;SEASHELLS;69550.0;10
604100;;;GIFT_BASKET;SEASHELLS;69557.0;2
604700;;;CHOCOLATE;SEASHELLS;7742.0;5
604900;;;ROSES;SEASHELLS;14238.0;3
605100;;;ROSES;SEASHELLS;14236.0;1
605300;;;CHOCOLATE;SEASHELLS;7742.0;4
605800;;;ROSES;SEASHELLS;14234.0;1
605800;;;GIFT_BASKET;SEASHELLS;69593.0;1
605900;;;ROSES;SEASHELLS;14233.0;4
606100;;;CHOCOLATE;SEASHELLS;7742.0;5
606200;;;STRAWBERRIES;SEASHELLS;3991.0;3
606500;;;STRAWBERRIES;SEASHELLS;3990.0;12
606700;;;ROSES;SEASHELLS;14232.0;3
608500;;;CHOCOLATE;SEASHELLS;7741.0;7
608700;;;ROSES;SEASHELLS;14242.0;5
608900;;;GIFT_BASKET;SEASHELLS;69605.0;1
609000;;;CHOCOLATE;SEASHELLS;7741.0;6
609500;;;STRAWBERRIES;SEASHELLS;3990.0;8
609500;;;ROSES;SEASHELLS;14236.0;1
609600;;;STRAWBERRIES;SEASHELLS;3990.0;10
609600;;;STRAWBERRIES;SEASHELLS;3990.0;6
609700;;;CHOCOLATE;SEASHELLS;7741.0;8
610200;;;STRAWBERRIES;SEASHELLS;3989.0;8
610200;;;ROSES;SEASHELLS;14238.0;5
610500;;;ROSES;SEASHELLS;14242.0;1
611300;;;GIFT_BASKET;SEASHELLS;69597.0;6
611400;;;GIFT_BASKET;SEASHELLS;69614.0;2
611700;;;CHOCOLATE;SEASHELLS;7735.0;8
612000;;;ROSES;SEASHELLS;14236.0;4
612000;;;STRAWBERRIES;SEASHELLS;3989.0;6
613000;;;STRAWBERRIES;SEASHELLS;3991.0;9
614100;;;ROSES;SEASHELLS;14233.0;3
614600;;;ROSES;SEASHELLS;14227.0;4
615100;;;STRAWBERRIES;SEASHELLS;3990.0;9
615200;;;CHOCOLATE;SEASHELLS;7736.0;5
615300;;;GIFT_BASKET;SEASHELLS;69593.0;6
615300;;;GIFT_BASKET;SEASHELLS;69593.0;1
615300;;;ROSES;SEASHELLS;14219.0;4
615300;;;STRAWBERRIES;SEASHELLS;3990.0;9
615400;;;ROSES;SEASHELLS;14219.0;3
615500;;;GIFT_BASKET;SEASHELLS;69592.0;1
615800;;;STRAWBERRIES;SEASHELLS;3990.0;8
616200;;;GIFT_BASKET;SEASHELLS;69580.0;5
616200;;;GIFT_BASKET;SEASHELLS;69586.0;2
616200;;;CHOCOLATE;SEASHELLS;7740.0;5
616400;;;ROSES;SEASHELLS;14234.0;5
616500;;;STRAWBERRIES;SEASHELLS;3987.0;9
616800;;;STRAWBERRIES;SEASHELLS;3987.0;6
617100;;;STRAWBERRIES;SEASHELLS;3990.0;7
617400;;;ROSES;SEASHELLS;14234.0;3
617900;;;ROSES;SEASHELLS;14230.0;1
618000;;;CHOCOLATE;SEASHELLS;7735.0;8
618200;;;CHOCOLATE;SEASHELLS;7734.0;7
618400;;;ROSES;SEASHELLS;14236.0;5
619400;;;CHOCOLATE;SEASHELLS;7736.0;7
619400;;;GIFT_BASKET;SEASHELLS;69608.0;1
620000;;;STRAWBERRIES;SEASHELLS;3986.0;4
620600;;;ROSES;SEASHELLS;14239.0;4
620600;;;GIFT_BASKET;SEASHELLS;69623.0;5
620800;;;GIFT_BASKET;SEASHELLS;69622.0;2
620900;;;CHOCOLATE;SEASHELLS;7738.0;7
621500;;;CHOCOLATE;SEASHELLS;7741.0;7
621700;;;GIFT_BASKET;SEASHELLS;69653.0;2
622100;;;CHOCOLATE;SEASHELLS;7741.0;8
622200;;;ROSES;SEASHELLS;14246.0;2
622600;;;GIFT_BASKET;SEASHELLS;69660.0;5
622600;;;GIFT_BASKET;SEASHELLS;69660.0;2
623000;;;STRAWBERRIES;SEASHELLS;3985.0;5
623000;;;ROSES;SEASHELLS;14249.0;3
623100;;;ROSES;SEASHELLS;14247.0;5
623300;;;ROSES;SEASHELLS;14247.0;1
623700;;;STRAWBERRIES;SEASHELLS;3987.0;5
623800;;;CHOCOLATE;SEASHELLS;7743.0;5
624100;;;STRAWBERRIES;SEASHELLS;3987.0;5
624200;;;ROSES;SEASHELLS;14241.0;8
624800;;;GIFT_BASKET;SEASHELLS;69669.0;6
624800;;;CHOCOLATE;SEASHELLS;7746.0;5
625000;;;STRAWBERRIES;SEASHELLS;3986.0;3
625000;;;STRAWBERRIES;SEASHELLS;3987.0;5
625300;;;GIFT_BASKET;SEASHELLS;69656.0;6
625300;;;GIFT_BASKET;SEASHELLS;69657.0;2
625400;;;STRAWBERRIES;SEASHELLS;3987.0;6
625500;;;ROSES;SEASHELLS;14246.0;3
626300;;;CHOCOLATE;SEASHELLS;7745.0;5
627000;;;STRAWBERRIES;SEASHELLS;3985.0;10
627700;;;CHOCOLATE;SEASHELLS;7747.0;5
627700;;;ROSES;SEASHELLS;14232.0;7
627900;;;CHOCOLATE;SEASHELLS;7746.0;7
627900;;;CHOCOLATE;SEASHELLS;7748.0;8
628700;;;ROSES;SEASHELLS;14246.0;2
628800;;;CHOCOLATE;SEASHELLS;7752.0;6
628800;;;STRAWBERRIES;SEASHELLS;3986.0;7
629000;;;ROSES;SEASHELLS;14247.0;2
629400;;;ROSES;SEASHELLS;14246.0;2
629600;;;ROSES;SEASHELLS;14252.0;2
629600;;;STRAWBERRIES;SEASHELLS;3983.0;8
629700;;;CHOCOLATE;SEASHELLS;7751.0;8
629800;;;CHOCOLATE;SEASHELLS;7751.0;10
630400;;;STRAWBERRIES;SEASHELLS;3981.0;7
631200;;;CHOCOLATE;SEASHELLS;7754.0;7
631200;;;GIFT_BASKET;SEASHELLS;69646.0;2
631300;;;ROSES;SEASHELLS;14276.0;8
631500;;;ROSES;SEASHELLS;14279.0;1
631700;;;STRAWBERRIES;SEASHELLS;3983.0;9
632100;;;ROSES;SEASHELLS;14282.0;5
632300;;;STRAWBERRIES;SEASHELLS;3983.0;6
632500;;;CHOCOLATE;SEASHELLS;7758.0;7
633300;;;GIFT_BASKET;SEASHELLS;69679.0;2
634000;;;ROSES;SEASHELLS;14298.0;7
634100;;;STRAWBERRIES;SEASHELLS;3983.0;7
634300;;;STRAWBERRIES;SEASHELLS;3982.0;7
634700;;;CHOCOLATE;SEASHELLS;7764.0;7
635500;;;STRAWBERRIES;SEASHELLS;3982.0;7
635600;;;STRAWBERRIES;SEASHELLS;3983.0;8
636000;;;GIFT_BASKET;SEASHELLS;69703.0;5
636100;;;GIFT_BASKET;SEASHELLS;69686.0;5
636100;;;GIFT_BASKET;SEASHELLS;69687.0;1
636600;;;STRAWBERRIES;SEASHELLS;3981.0;3
636900;;;ROSES;SEASHELLS;14295.0;2
637000;;;STRAWBERRIES;SEASHELLS;3983.0;4
637000;;;ROSES;SEASHELLS;14291.0;3
637800;;;ROSES;SEASHELLS;14287.0;2
638000;;;ROSES;SEASHELLS;14284.0;1
638300;;;STRAWBERRIES;SEASHELLS;3981.0;12
638400;;;CHOCOLATE;SEASHELLS;7766.0;5
638900;;;CHOCOLATE;SEASHELLS;7763.0;8
639300;;;ROSES;SEASHELLS;14287.0;5
639300;;;STRAWBERRIES;SEASHELLS;3981.0;11
639700;;;CHOCOLATE;SEASHELLS;7762.0;8
640100;;;CHOCOLATE;SEASHELLS;7763.0;6
640100;;;GIFT_BASKET;SEASHELLS;69637.0;2
640300;;;STRAWBERRIES;SEASHELLS;3984.0;5
640700;;;GIFT_BASKET;SEASHELLS;69636.0;3
640700;;;CHOCOLATE;SEASHELLS;7764.0;5
640700;;;GIFT_BASKET;SEASHELLS;69637.0;2
641000;;;GIFT_BASKET;SEASHELLS;69635.0;2
641200;;;CHOCOLATE;SEASHELLS;7762.0;5
641600;;;STRAWBERRIES;SEASHELLS;3983.0;10
641700;;;ROSES;SEASHELLS;14280.0;3
641700;;;CHOCOLATE;SEASHELLS;7761.0;10
641700;;;ROSES;SEASHELLS;14279.0;4
641800;;;ROSES;SEASHELLS;14273.0;7
642300;;;ROSES;SEASHELLS;14257.0;2
642300;;;CHOCOLATE;SEASHELLS;7759.0;5
642600;;;GIFT_BASKET;SEASHELLS;69613.0;2
642600;;;STRAWBERRIES;SEASHELLS;3983.0;7
642600;;;STRAWBERRIES;SEASHELLS;3983.0;6
642800;;;GIFT_BASKET;SEASHELLS;69611.0;2
642900;;;GIFT_BASKET;SEASHELLS;69605.0;5
643900;;;CHOCOLATE;SEASHELLS;7755.0;5
644400;;;ROSES;SEASHELLS;14265.0;1
644600;;;STRAWBERRIES;SEASHELLS;3984.0;10
644900;;;CHOCOLATE;SEASHELLS;7754.0;8
645300;;;ROSES;SEASHELLS;14271.0;4
645700;;;CHOCOLATE;SEASHELLS;7751.0;6
646100;;;STRAWBERRIES;SEASHELLS;3982.0;8
646200;;;ROSES;SEASHELLS;14269.0;1
647100;;;ROSES;SEASHELLS;14270.0;5
648000;;;ROSES;SEASHELLS;14269.0;1
648100;;;CHOCOLATE;SEASHELLS;7745.0;5
648800;;;STRAWBERRIES;SEASHELLS;3982.0;8
648900;;;STRAWBERRIES;SEASHELLS;3983.0;3
648900;;;ROSES;SEASHELLS;14269.0;2
649700;;;STRAWBERRIES;SEASHELLS;3983.0;10
650100;;;GIFT_BASKET;SEASHELLS;69640.0;6
650700;;;CHOCOLATE;SEASHELLS;7748.0;5
650900;;;CHOCOLATE;SEASHELLS;7744.0;6
652000;;;CHOCOLATE;SEASHELLS;7740.0;6
652300;;;STRAWBERRIES;SEASHELLS;3984.0;6
652400;;;STRAWBERRIES;SEASHELLS;3984.0;4
652600;;;STRAWBERRIES;SEASHELLS;3984.0;5
652600;;;CHOCOLATE;SEASHELLS;7742.0;7
652700;;;STRAWBERRIES;SEASHELLS;3984.0;7
653100;;;ROSES;SEASHELLS;14296.0;4
653200;;;CHOCOLATE;SEASHELLS;7741.0;8
653400;;;ROSES;SEASHELLS;14290.0;5
653700;;;ROSES;SEASHELLS;14292.0;5
654400;;;STRAWBERRIES;SEASHELLS;3985.0;10
654600;;;GIFT_BASKET;SEASHELLS;69570.0;1
654800;;;CHOCOLATE;SEASHELLS;7742.0;7
655400;;;CHOCOLATE;SEASHELLS;7742.0;8
655600;;;STRAWBERRIES;SEASHELLS;3983.0;3
655700;;;STRAWBERRIES;SEASHELLS;3983.0;12
656000;;;ROSES;SEASHELLS;14286.0;3
656400;;;ROSES;SEASHELLS;14278.0;5
656500;;;STRAWBERRIES;SEASHELLS;3983.0;7
656800;;;CHOCOLATE;SEASHELLS;7736.0;6
657000;;;STRAWBERRIES;SEASHELLS;3983.0;8
657000;;;ROSES;SEASHELLS;14275.0;3
657400;;;GIFT_BASKET;SEASHELLS;69553.0;1
657500;;;STRAWBERRIES;SEASHELLS;3984.0;4
657600;;;STRAWBERRIES;SEASHELLS;3982.0;10
657800;;;STRAWBERRIES;SEASHELLS;3984.0;8
658000;;;CHOCOLATE;SEASHELLS;7735.0;5
658100;;;CHOCOLATE;SEASHELLS;7734.0;10
658200;;;STRAWBERRIES;SEASHELLS;3983.0;7
658500;;;STRAWBERRIES;SEASHELLS;3981.0;4
659400;;;CHOCOLATE;SEASHELLS;7729.0;5
660000;;;STRAWBERRIES;SEASHELLS;3981.0;8
660500;;;CHOCOLATE;SEASHELLS;7731.0;7
660700;;;STRAWBERRIES;SEASHELLS;3982.0;6
661000;;;ROSES;SEASHELLS;14276.0;4
661100;;;STRAWBERRIES;SEASHELLS;3981.0;6
661200;;;STRAWBERRIES;SEASHELLS;3981.0;10
661500;;;GIFT_BASKET;SEASHELLS;69581.0;1
661500;;;STRAWBERRIES;SEASHELLS;3983.0;7
661800;;;ROSES;SEASHELLS;14278.0;9
662100;;;CHOCOLATE;SEASHELLS;7733.0;7
662700;;;CHOCOLATE;SEASHELLS;7733.0;5
663000;;;ROSES;SEASHELLS;14275.0;2
663400;;;ROSES;SEASHELLS;14272.0;3
663400;;;STRAWBERRIES;SEASHELLS;3980.0;8
663600;;;ROSES;SEASHELLS;14275.0;1
663900;;;ROSES;SEASHELLS;14272.0;2
665400;;;ROSES;SEASHELLS;14266.0;3
665600;;;STRAWBERRIES;SEASHELLS;3979.0;9
665700;;;ROSES;SEASHELLS;14263.0;2
666200;;;CHOCOLATE;SEASHELLS;7730.0;7
666400;;;CHOCOLATE;SEASHELLS;7731.0;6
666500;;;ROSES;SEASHELLS;14257.0;3
666600;;;STRAWBERRIES;SEASHELLS;3978.0;8
666600;;;GIFT_BASKET;SEASHELLS;69502.0;2
666600;;;GIFT_BASKET;SEASHELLS;69497.0;2
666900;;;STRAWBERRIES;SEASHELLS;3977.0;12
667000;;;GIFT_BASKET;SEASHELLS;69508.0;9
667100;;;STRAWBERRIES;SEASHELLS;3977.0;7
667100;;;ROSES;SEASHELLS;14261.0;1
667200;;;ROSES;SEASHELLS;14261.0;4
667600;;;CHOCOLATE;SEASHELLS;7727.0;7
667700;;;ROSES;SEASHELLS;14260.0;7
668100;;;STRAWBERRIES;SEASHELLS;3976.0;7
668100;;;ROSES;SEASHELLS;14254.0;4
668300;;;STRAWBERRIES;SEASHELLS;3976.0;10
668700;;;CHOCOLATE;SEASHELLS;7734.0;8
668700;;;STRAWBERRIES;SEASHELLS;3976.0;8
669300;;;ROSES;SEASHELLS;14248.0;3
669300;;;ROSES;SEASHELLS;14246.0;7
669400;;;ROSES;SEASHELLS;14246.0;5
669700;;;CHOCOLATE;SEASHELLS;7738.0;5
669800;;;CHOCOLATE;SEASHELLS;7735.0;5
670300;;;CHOCOLATE;SEASHELLS;7738.0;5
670400;;;STRAWBERRIES;SEASHELLS;3977.0;6
671300;;;CHOCOLATE;SEASHELLS;7742.0;5
671300;;;STRAWBERRIES;SEASHELLS;3976.0;4
671400;;;CHOCOLATE;SEASHELLS;7741.0;8
671400;;;STRAWBERRIES;SEASHELLS;3977.0;5
671600;;;STRAWBERRIES;SEASHELLS;3975.0;9
671900;;;GIFT_BASKET;SEASHELLS;69448.0;3
672100;;;ROSES;SEASHELLS;14249.0;4
672100;;;STRAWBERRIES;SEASHELLS;3976.0;5
672200;;;STRAWBERRIES;SEASHELLS;3975.0;8
672400;;;GIFT_BASKET;SEASHELLS;69442.0;2
672600;;;STRAWBERRIES;SEASHELLS;3974.0;10
673400;;;ROSES;SEASHELLS;14253.0;1
673600;;;ROSES;SEASHELLS;14252.0;2
674300;;;STRAWBERRIES;SEASHELLS;3974.0;5
674500;;;ROSES;SEASHELLS;14245.0;5
674600;;;CHOCOLATE;SEASHELLS;7744.0;6
674800;;;CHOCOLATE;SEASHELLS;7741.0;7
675000;;;ROSES;SEASHELLS;14254.0;1
675100;;;CHOCOLATE;SEASHELLS;7744.0;8
675600;;;ROSES;SEASHELLS;14257.0;2
675700;;;ROSES;SEASHELLS;14260.0;7
675700;;;GIFT_BASKET;SEASHELLS;69438.0;1
675800;;;STRAWBERRIES;SEASHELLS;3973.0;8
675900;;;ROSES;SEASHELLS;14262.0;5
676200;;;ROSES;SEASHELLS;14263.0;5
676300;;;GIFT_BASKET;SEASHELLS;69421.0;1
676300;;;STRAWBERRIES;SEASHELLS;3972.0;5
676800;;;STRAWBERRIES;SEASHELLS;3974.0;12
676900;;;ROSES;SEASHELLS;14262.0;2
677000;;;CHOCOLATE;SEASHELLS;7742.0;8
677200;;;STRAWBERRIES;SEASHELLS;3974.0;6
677200;;;CHOCOLATE;SEASHELLS;7740.0;8
