timestamp;buyer;seller;symbol;currency;price;quantity
0;Vinnie;Remy;CHOCOLATE;SEASHELLS;7888.0;8
200;Remy;Vinnie;STRAWBERRIES;SEASHELLS;4038.0;7
200;Remy;Vinnie;CHOCOLATE;SEASHELLS;7891.0;8
600;Remy;Vinnie;CHOCOLATE;SEASHELLS;7890.0;5
700;Vinnie;Vladimir;STRAWBERRIES;SEASHELLS;4037.0;3
1000;Remy;Vinnie;STRAWBERRIES;SEASHELLS;4038.0;4
1200;Vinnie;Remy;STRAWBERRIES;SEASHELLS;4036.0;9
1300;Rhianna;Vladimir;GIFT_BASKET;SEASHELLS;70633.0;6
1600;Vinnie;Remy;CHOCOLATE;SEASHELLS;7892.0;8
1700;Remy;Vinnie;ROSES;SEASHELLS;14418.0;3
2000;Vinnie;Remy;ROSES;SEASHELLS;14416.0;2
2300;Vinnie;Remy;ROSES;SEASHELLS;14413.0;2
2500;Remy;Vinnie;STRAWBERRIES;SEASHELLS;4038.0;6
2800;Vinnie;Remy;STRAWBERRIES;SEASHELLS;4037.0;9
2900;Vinnie;Remy;STRAWBERRIES;SEASHELLS;4036.0;10
5000;Vinnie;Vladimir;CHOCOLATE;SEASHELLS;7887.0;4
5500;Vinnie;Vladimir;STRAWBERRIES;SEASHELLS;4036.0;4
5700;Vinnie;Rhianna;GIFT_BASKET;SEASHELLS;70637.0;1
5700;Vladimir;Rhianna;GIFT_BASKET;SEASHELLS;70636.0;1
6100;Vinnie;Remy;ROSES;SEASHELLS;14420.0;5
6200;Vinnie;Vladimir;STRAWBERRIES;SEASHELLS;4036.0;3
6400;Remy;Vinnie;CHOCOLATE;SEASHELLS;7897.0;8
6800;Vinnie;Remy;STRAWBERRIES;SEASHELLS;4036.0;5
6900;Remy;Vinnie;ROSES;SEASHELLS;14419.0;2
7100;Vinnie;Vladimir;CHOCOLATE;SEASHELLS;7895.0;7
7200;Vinnie;Vladimir;CHOCOLATE;SEASHELLS;7894.0;5
7300;Rhianna;Vinnie;GIFT_BASKET;SEASHELLS;70628.0;1
7300;Vinnie;Remy;STRAWBERRIES;SEASHELLS;4036.0;8
7400;Vinnie;Vladimir;STRAWBERRIES;SEASHELLS;4036.0;6
7500;Remy;Vinnie;STRAWBERRIES;SEASHELLS;4037.0;7
7900;Vinnie;Remy;STRAWBERRIES;SEASHELLS;4034.0;5
7900;Vinnie;Remy;CHOCOLATE;SEASHELLS;7893.0;8
8200;Vinnie;Remy;STRAWBERRIES;SEASHELLS;4033.0;5
8900;Rhianna;Vladimir;GIFT_BASKET;SEASHELLS;70607.0;1
8900;Rhianna;Vinnie;GIFT_BASKET;SEASHELLS;70607.0;2
9100;Vinnie;Vladimir;CHOCOLATE;SEASHELLS;7896.0;5
9100;Vinnie;Ruby;GIFT_BASKET;SEASHELLS;70602.0;1
9300;Vinnie;Vladimir;STRAWBERRIES;SEASHELLS;4035.0;9
9800;Remy;Vinnie;ROSES;SEASHELLS;14390.0;4
9900;Remy;Vinnie;STRAWBERRIES;SEASHELLS;4035.0;5
10000;Vinnie;Remy;CHOCOLATE;SEASHELLS;7898.0;8
10100;Remy;Vinnie;STRAWBERRIES;SEASHELLS;4035.0;4
10300;Vinnie;Remy;ROSES;SEASHELLS;14388.0;3
10800;Vinnie;Remy;STRAWBERRIES;SEASHELLS;4033.0;8
12100;Remy;Vinnie;ROSES;SEASHELLS;14388.0;1
12700;Vinnie;Remy;CHOCOLATE;SEASHELLS;7895.0;7
13000;Vinnie;Vladimir;STRAWBERRIES;SEASHELLS;4033.0;8
13200;Vinnie;Ruby;GIFT_BASKET;SEASHELLS;70575.0;1
13300;Remy;Vinnie;STRAWBERRIES;SEASHELLS;4033.0;8
13700;Vinnie;Remy;CHOCOLATE;SEASHELLS;7894.0;7
14200;Vinnie;Remy;CHOCOLATE;SEASHELLS;7894.0;6
14300;Vinnie;Remy;STRAWBERRIES;SEASHELLS;4032.0;5
14400;Remy;Vinnie;STRAWBERRIES;SEASHELLS;4034.0;6
14700;Remy;Vinnie;ROSES;SEASHELLS;14411.0;1
14800;Vinnie;Vladimir;CHOCOLATE;SEASHELLS;7896.0;10
15000;Vinnie;Remy;CHOCOLATE;SEASHELLS;7893.0;5
15200;Remy;Vinnie;STRAWBERRIES;SEASHELLS;4035.0;5
15800;Remy;Vinnie;CHOCOLATE;SEASHELLS;7898.0;7
16200;Vinnie;Remy;ROSES;SEASHELLS;14413.0;4
16700;Vinnie;Remy;ROSES;SEASHELLS;14414.0;3
16800;Vinnie;Vladimir;STRAWBERRIES;SEASHELLS;4032.0;6
16900;Remy;Vinnie;CHOCOLATE;SEASHELLS;7893.0;5
18300;Vinnie;Vladimir;ROSES;SEASHELLS;14419.0;6
18800;Remy;Vinnie;ROSES;SEASHELLS;14416.0;4
19000;Vinnie;Remy;CHOCOLATE;SEASHELLS;7894.0;7
19400;Vinnie;Vladimir;STRAWBERRIES;SEASHELLS;4031.0;7
19600;Remy;Vinnie;ROSES;SEASHELLS;14407.0;5
19900;Vinnie;Remy;CHOCOLATE;SEASHELLS;7894.0;5
20000;Remy;Vinnie;ROSES;SEASHELLS;14403.0;1
20300;Remy;Vinnie;CHOCOLATE;SEASHELLS;7897.0;6
20800;Vinnie;Remy;STRAWBERRIES;SEASHELLS;4032.0;4
21000;Ruby;Vinnie;GIFT_BASKET;SEASHELLS;70601.0;2
21100;Remy;Vinnie;ROSES;SEASHELLS;14398.0;5
21400;Vinnie;Vladimir;STRAWBERRIES;SEASHELLS;4032.0;5
21600;Vinnie;Remy;CHOCOLATE;SEASHELLS;7886.0;8
21700;Vinnie;Remy;ROSES;SEASHELLS;14380.0;3
21800;Remy;Vinnie;CHOCOLATE;SEASHELLS;7889.0;7
21800;Vinnie;Remy;ROSES;SEASHELLS;14378.0;5
22100;Vinnie;Remy;ROSES;SEASHELLS;14378.0;1
22400;Vinnie;Remy;STRAWBERRIES;SEASHELLS;4032.0;9
22900;Vinnie;Remy;ROSES;SEASHELLS;14363.0;5
23100;Remy;Vinnie;STRAWBERRIES;SEASHELLS;4035.0;8
23200;Vinnie;Remy;ROSES;SEASHELLS;14368.0;3
23600;Vinnie;Vladimir;STRAWBERRIES;SEASHELLS;4034.0;3
23600;Vinnie;Remy;ROSES;SEASHELLS;14367.0;2
23900;Vladimir;Rhianna;GIFT_BASKET;SEASHELLS;70527.0;4
23900;Vinnie;Rhianna;GIFT_BASKET;SEASHELLS;70528.0;2
24000;Vinnie;Remy;STRAWBERRIES;SEASHELLS;4034.0;9
24300;Vinnie;Remy;ROSES;SEASHELLS;14358.0;1
24400;Vinnie;Remy;ROSES;SEASHELLS;14359.0;3
24500;Vinnie;Vladimir;STRAWBERRIES;SEASHELLS;4034.0;10
24600;Vinnie;Remy;STRAWBERRIES;SEASHELLS;4034.0;8
24900;Remy;Vinnie;ROSES;SEASHELLS;14371.0;3
25100;Ruby;Vinnie;GIFT_BASKET;SEASHELLS;70522.0;1
25400;Vinnie;Ruby;GIFT_BASKET;SEASHELLS;70528.0;2
25500;Vinnie;Remy;ROSES;SEASHELLS;14382.0;3
25600;Vinnie;Remy;ROSES;SEASHELLS;14384.0;3
25800;Remy;Vinnie;CHOCOLATE;SEASHELLS;7887.0;8
25800;Remy;Vinnie;STRAWBERRIES;SEASHELLS;4037.0;4
26400;Vinnie;Rhianna;GIFT_BASKET;SEASHELLS;70541.0;1
26400;Vladimir;Rhianna;GIFT_BASKET;SEASHELLS;70540.0;6
26800;Vinnie;Vladimir;CHOCOLATE;SEASHELLS;7883.0;8
26900;Vinnie;Vladimir;STRAWBERRIES;SEASHELLS;4036.0;8
27500;Vinnie;Vladimir;STRAWBERRIES;SEASHELLS;4037.0;12
27900;Vinnie;Remy;CHOCOLATE;SEASHELLS;7884.0;8
28000;Remy;Vinnie;ROSES;SEASHELLS;14387.0;5
29500;Remy;Vinnie;STRAWBERRIES;SEASHELLS;4036.0;8
29700;Vinnie;Remy;ROSES;SEASHELLS;14394.0;5
30000;Remy;Vinnie;STRAWBERRIES;SEASHELLS;4036.0;8
30100;Remy;Vinnie;STRAWBERRIES;SEASHELLS;4036.0;10
30800;Vinnie;Remy;STRAWBERRIES;SEASHELLS;4033.0;9
30800;Vinnie;Remy;CHOCOLATE;SEASHELLS;7890.0;6
30900;Remy;Vinnie;ROSES;SEASHELLS;14398.0;4
30900;Remy;Vinnie;STRAWBERRIES;SEASHELLS;4034.0;6
31000;Remy;Vinnie;ROSES;SEASHELLS;14394.0;3
31000;Vinnie;Vladimir;STRAWBERRIES;SEASHELLS;4032.0;9
31200;Vinnie;Remy;ROSES;SEASHELLS;14394.0;4
31600;Remy;Vinnie;ROSES;SEASHELLS;14394.0;2
31700;Remy;Vinnie;ROSES;SEASHELLS;14397.0;3
32300;Vinnie;Remy;ROSES;SEASHELLS;14398.0;1
32400;Vinnie;Remy;STRAWBERRIES;SEASHELLS;4031.0;8
32400;Vinnie;Ruby;GIFT_BASKET;SEASHELLS;70563.0;1
32500;Vinnie;Remy;ROSES;SEASHELLS;14397.0;1
32600;Vinnie;Vladimir;CHOCOLATE;SEASHELLS;7892.0;9
32700;Rhianna;Vinnie;GIFT_BASKET;SEASHELLS;70580.0;1
33200;Vinnie;Vladimir;ROSES;SEASHELLS;14388.0;6
33200;Vinnie;Vladimir;CHOCOLATE;SEASHELLS;7894.0;9
33300;Vinnie;Remy;ROSES;SEASHELLS;14390.0;4
33600;Ruby;Vinnie;GIFT_BASKET;SEASHELLS;70600.0;2
33800;Remy;Vinnie;STRAWBERRIES;SEASHELLS;4033.0;10
34700;Remy;Vinnie;CHOCOLATE;SEASHELLS;7892.0;5
35100;Remy;Vinnie;STRAWBERRIES;SEASHELLS;4034.0;8
35200;Remy;Vinnie;STRAWBERRIES;SEASHELLS;4034.0;7
35400;Remy;Vinnie;CHOCOLATE;SEASHELLS;7889.0;5
35500;Vinnie;Remy;STRAWBERRIES;SEASHELLS;4034.0;7
35800;Vinnie;Vladimir;STRAWBERRIES;SEASHELLS;4034.0;3
35900;Remy;Vinnie;STRAWBERRIES;SEASHELLS;4035.0;5
36100;Remy;Vinnie;ROSES;SEASHELLS;14382.0;2
37000;Remy;Vinnie;CHOCOLATE;SEASHELLS;7889.0;7
37000;Ruby;Vladimir;GIFT_BASKET;SEASHELLS;70578.0;9
37300;Vinnie;Vladimir;STRAWBERRIES;SEASHELLS;4035.0;9
37300;Ruby;Vladimir;GIFT_BASKET;SEASHELLS;70590.0;10
39300;Ruby;Vinnie;GIFT_BASKET;SEASHELLS;70592.0;5
39400;Vinnie;Remy;STRAWBERRIES;SEASHELLS;4035.0;8
39500;Vinnie;Remy;ROSES;SEASHELLS;14387.0;3
39600;Remy;Vinnie;CHOCOLATE;SEASHELLS;7888.0;6
39900;Vinnie;Remy;CHOCOLATE;SEASHELLS;7890.0;6
40100;Vinnie;Remy;STRAWBERRIES;SEASHELLS;4037.0;4
40200;Vinnie;Remy;STRAWBERRIES;SEASHELLS;4038.0;8
40400;Vinnie;Vladimir;STRAWBERRIES;SEASHELLS;4038.0;7
40500;Remy;Vinnie;CHOCOLATE;SEASHELLS;7888.0;5
41100;Remy;Vinnie;ROSES;SEASHELLS;14366.0;3
41200;Vinnie;Remy;STRAWBERRIES;SEASHELLS;4038.0;10
41400;Vinnie;Rhianna;GIFT_BASKET;SEASHELLS;70542.0;2
41400;Vladimir;Rhianna;GIFT_BASKET;SEASHELLS;70541.0;4
41600;Remy;Vinnie;CHOCOLATE;SEASHELLS;7892.0;8
41900;Vinnie;Remy;STRAWBERRIES;SEASHELLS;4038.0;8
42000;Vinnie;Vladimir;STRAWBERRIES;SEASHELLS;4037.0;5
42200;Vinnie;Remy;CHOCOLATE;SEASHELLS;7891.0;6
42600;Vinnie;Remy;ROSES;SEASHELLS;14348.0;3
42900;Vinnie;Remy;ROSES;SEASHELLS;14348.0;5
43200;Vinnie;Remy;CHOCOLATE;SEASHELLS;7890.0;8
43400;Vinnie;Remy;ROSES;SEASHELLS;14358.0;3
43400;Vinnie;Vladimir;CHOCOLATE;SEASHELLS;7889.0;8
43800;Vinnie;Remy;STRAWBERRIES;SEASHELLS;4037.0;10
44100;Vinnie;Remy;CHOCOLATE;SEASHELLS;7889.0;7
44300;Remy;Vinnie;ROSES;SEASHELLS;14350.0;2
44800;Vinnie;Rhianna;GIFT_BASKET;SEASHELLS;70492.0;1
44800;Vinnie;Remy;STRAWBERRIES;SEASHELLS;4038.0;4
44800;Vladimir;Rhianna;GIFT_BASKET;SEASHELLS;70491.0;1
45000;Remy;Vinnie;ROSES;SEASHELLS;14349.0;3
45200;Ruby;Vladimir;GIFT_BASKET;SEASHELLS;70489.0;7
45500;Vinnie;Vladimir;STRAWBERRIES;SEASHELLS;4036.0;9
46500;Vinnie;Remy;CHOCOLATE;SEASHELLS;7892.0;5
46800;Remy;Vinnie;CHOCOLATE;SEASHELLS;7894.0;6
47100;Vinnie;Vladimir;STRAWBERRIES;SEASHELLS;4035.0;3
47200;Vinnie;Remy;CHOCOLATE;SEASHELLS;7891.0;7
47600;Remy;Vinnie;STRAWBERRIES;SEASHELLS;4038.0;9
47700;Vinnie;Remy;CHOCOLATE;SEASHELLS;7893.0;5
47800;Remy;Vinnie;CHOCOLATE;SEASHELLS;7895.0;7
48000;Remy;Vinnie;STRAWBERRIES;SEASHELLS;4039.0;10
48200;Vinnie;Remy;STRAWBERRIES;SEASHELLS;4037.0;4
48300;Ruby;Vinnie;GIFT_BASKET;SEASHELLS;70539.0;2
49000;Remy;Vinnie;STRAWBERRIES;SEASHELLS;4037.0;5
49200;Vinnie;Remy;CHOCOLATE;SEASHELLS;7896.0;8
49400;Remy;Vinnie;STRAWBERRIES;SEASHELLS;4038.0;8
49500;Vinnie;Vladimir;STRAWBERRIES;SEASHELLS;4036.0;6
49600;Vinnie;Vladimir;CHOCOLATE;SEASHELLS;7897.0;6
50000;Remy;Vinnie;STRAWBERRIES;SEASHELLS;4038.0;6
50200;Vinnie;Remy;ROSES;SEASHELLS;14377.0;5
50200;Vinnie;Ruby;GIFT_BASKET;SEASHELLS;70553.0;1
50500;Vinnie;Vladimir;CHOCOLATE;SEASHELLS;7899.0;6
50800;Vinnie;Remy;ROSES;SEASHELLS;14384.0;1
52100;Remy;Vinnie;ROSES;SEASHELLS;14391.0;5
52300;Remy;Vinnie;ROSES;SEASHELLS;14390.0;5
52500;Vladimir;Rhianna;GIFT_BASKET;SEASHELLS;70596.0;2
52500;Remy;Vinnie;ROSES;SEASHELLS;14387.0;4
52500;Vinnie;Rhianna;GIFT_BASKET;SEASHELLS;70596.0;2
53000;Vinnie;Remy;ROSES;SEASHELLS;14388.0;2
53100;Remy;Vinnie;ROSES;SEASHELLS;14388.0;5
53300;Vinnie;Vladimir;STRAWBERRIES;SEASHELLS;4040.0;9
53400;Vinnie;Remy;CHOCOLATE;SEASHELLS;7892.0;6
53700;Vinnie;Vladimir;STRAWBERRIES;SEASHELLS;4041.0;10
53800;Vinnie;Remy;ROSES;SEASHELLS;14394.0;2
53900;Vinnie;Remy;CHOCOLATE;SEASHELLS;7889.0;7
54200;Vinnie;Remy;ROSES;SEASHELLS;14392.0;1
54300;Remy;Vinnie;STRAWBERRIES;SEASHELLS;4042.0;6
54500;Vinnie;Vladimir;STRAWBERRIES;SEASHELLS;4040.0;12
54800;Vinnie;Remy;ROSES;SEASHELLS;14386.0;1
55000;Remy;Vinnie;STRAWBERRIES;SEASHELLS;4040.0;8
55100;Vinnie;Remy;STRAWBERRIES;SEASHELLS;4039.0;9
55100;Vinnie;Remy;CHOCOLATE;SEASHELLS;7890.0;7
55200;Remy;Vinnie;CHOCOLATE;SEASHELLS;7892.0;5
55400;Remy;Vinnie;STRAWBERRIES;SEASHELLS;4042.0;5
56100;Remy;Vinnie;CHOCOLATE;SEASHELLS;7889.0;8
56300;Vinnie;Ruby;GIFT_BASKET;SEASHELLS;70531.0;2
57100;Ruby;Vladimir;GIFT_BASKET;SEASHELLS;70588.0;6
58100;Vinnie;Remy;ROSES;SEASHELLS;14369.0;2
58400;Ruby;Vinnie;GIFT_BASKET;SEASHELLS;70566.0;2
58600;Vinnie;Ruby;GIFT_BASKET;SEASHELLS;70562.0;1
58600;Vinnie;Remy;STRAWBERRIES;SEASHELLS;4044.0;6
58700;Remy;Vinnie;STRAWBERRIES;SEASHELLS;4045.0;4
58800;Remy;Vinnie;STRAWBERRIES;SEASHELLS;4044.0;8
58900;Vinnie;Vladimir;STRAWBERRIES;SEASHELLS;4043.0;6
59000;Vinnie;Remy;ROSES;SEASHELLS;14361.0;1
59100;Rhianna;Vinnie;GIFT_BASKET;SEASHELLS;70580.0;2
59200;Ruby;Vinnie;GIFT_BASKET;SEASHELLS;70595.0;2
59200;Vinnie;Remy;CHOCOLATE;SEASHELLS;7896.0;6
59400;Remy;Vinnie;ROSES;SEASHELLS;14358.0;1
59700;Vinnie;Remy;STRAWBERRIES;SEASHELLS;4044.0;8
59800;Vinnie;Remy;CHOCOLATE;SEASHELLS;7896.0;8
59800;Ruby;Vladimir;GIFT_BASKET;SEASHELLS;70637.0;6
60000;Rhianna;Vinnie;GIFT_BASKET;SEASHELLS;70615.0;8
60200;Vinnie;Remy;ROSES;SEASHELLS;14361.0;4
60300;Remy;Vinnie;STRAWBERRIES;SEASHELLS;4045.0;9
60300;Ruby;Vinnie;GIFT_BASKET;SEASHELLS;70623.0;2
60700;Vinnie;Remy;ROSES;SEASHELLS;14360.0;1
61100;Vinnie;Remy;ROSES;SEASHELLS;14353.0;2
61200;Remy;Vinnie;STRAWBERRIES;SEASHELLS;4045.0;4
61200;Vinnie;Vladimir;CHOCOLATE;SEASHELLS;7899.0;10
61300;Remy;Vinnie;STRAWBERRIES;SEASHELLS;4045.0;10
61500;Vinnie;Remy;STRAWBERRIES;SEASHELLS;4044.0;9
61600;Vinnie;Remy;STRAWBERRIES;SEASHELLS;4043.0;4
62000;Remy;Vinnie;STRAWBERRIES;SEASHELLS;4046.0;10
62000;Vinnie;Vladimir;ROSES;SEASHELLS;14342.0;6
62600;Remy;Vinnie;ROSES;SEASHELLS;14357.0;4
62900;Remy;Vinnie;ROSES;SEASHELLS;14355.0;5
63000;Vinnie;Remy;ROSES;SEASHELLS;14358.0;5
63500;Remy;Vinnie;ROSES;SEASHELLS;14355.0;4
63800;Remy;Vinnie;ROSES;SEASHELLS;14367.0;4
64100;Remy;Vinnie;CHOCOLATE;SEASHELLS;7903.0;6
64100;Vinnie;Remy;ROSES;SEASHELLS;14372.0;5
64400;Remy;Vinnie;ROSES;SEASHELLS;14381.0;4
64400;Vinnie;Vladimir;STRAWBERRIES;SEASHELLS;4043.0;6
64600;Vinnie;Remy;ROSES;SEASHELLS;14384.0;5
65100;Vinnie;Vladimir;CHOCOLATE;SEASHELLS;7900.0;8
65200;Remy;Vinnie;CHOCOLATE;SEASHELLS;7902.0;5
65300;Remy;Vinnie;CHOCOLATE;SEASHELLS;7902.0;6
65300;Vinnie;Remy;STRAWBERRIES;SEASHELLS;4043.0;10
65400;Remy;Vinnie;CHOCOLATE;SEASHELLS;7901.0;8
65400;Vinnie;Remy;ROSES;SEASHELLS;14385.0;4
65500;Remy;Vinnie;CHOCOLATE;SEASHELLS;7901.0;5
66400;Vladimir;Rhianna;GIFT_BASKET;SEASHELLS;70666.0;3
66400;Vinnie;Rhianna;GIFT_BASKET;SEASHELLS;70667.0;2
67300;Vinnie;Remy;ROSES;SEASHELLS;14394.0;5
67400;Vinnie;Rhianna;GIFT_BASKET;SEASHELLS;70679.0;2
67900;Vinnie;Vladimir;STRAWBERRIES;SEASHELLS;4044.0;10
68100;Vinnie;Ruby;GIFT_BASKET;SEASHELLS;70669.0;2
68200;Remy;Vinnie;STRAWBERRIES;SEASHELLS;4045.0;4
68400;Remy;Vinnie;CHOCOLATE;SEASHELLS;7905.0;6
68600;Remy;Vinnie;ROSES;SEASHELLS;14402.0;3
69100;Vinnie;Remy;ROSES;SEASHELLS;14407.0;2
69500;Vladimir;Rhianna;GIFT_BASKET;SEASHELLS;70688.0;4
69500;Vinnie;Rhianna;GIFT_BASKET;SEASHELLS;70689.0;1
69800;Vinnie;Remy;CHOCOLATE;SEASHELLS;7900.0;5
70300;Vinnie;Rhianna;GIFT_BASKET;SEASHELLS;70700.0;1
70300;Remy;Vinnie;ROSES;SEASHELLS;14392.0;5
70300;Vladimir;Rhianna;GIFT_BASKET;SEASHELLS;70699.0;7
70600;Remy;Vinnie;CHOCOLATE;SEASHELLS;7909.0;8
71100;Remy;Vinnie;CHOCOLATE;SEASHELLS;7911.0;5
71200;Vinnie;Remy;STRAWBERRIES;SEASHELLS;4043.0;7
71500;Vinnie;Vladimir;CHOCOLATE;SEASHELLS;7908.0;10
71700;Remy;Vinnie;ROSES;SEASHELLS;14390.0;3
72000;Remy;Vinnie;ROSES;SEASHELLS;14388.0;1
72100;Vladimir;Rhianna;GIFT_BASKET;SEASHELLS;70705.0;8
72600;Remy;Vinnie;ROSES;SEASHELLS;14399.0;4
72600;Vinnie;Vladimir;STRAWBERRIES;SEASHELLS;4044.0;12
72600;Vinnie;Remy;CHOCOLATE;SEASHELLS;7906.0;7
72700;Vinnie;Ruby;GIFT_BASKET;SEASHELLS;70715.0;2
72700;Remy;Vinnie;STRAWBERRIES;SEASHELLS;4045.0;7
73100;Vinnie;Remy;STRAWBERRIES;SEASHELLS;4043.0;8
73500;Vladimir;Ruby;GIFT_BASKET;SEASHELLS;70722.0;6
73600;Vinnie;Remy;STRAWBERRIES;SEASHELLS;4043.0;8
73700;Ruby;Vladimir;GIFT_BASKET;SEASHELLS;70746.0;8
73800;Vinnie;Remy;ROSES;SEASHELLS;14403.0;4
74000;Remy;Vinnie;ROSES;SEASHELLS;14410.0;4
74400;Remy;Vinnie;CHOCOLATE;SEASHELLS;7906.0;5
74400;Vinnie;Remy;ROSES;SEASHELLS;14410.0;4
74400;Vinnie;Vladimir;CHOCOLATE;SEASHELLS;7904.0;6
74500;Vinnie;Rhianna;GIFT_BASKET;SEASHELLS;70755.0;2
74500;Vladimir;Ruby;GIFT_BASKET;SEASHELLS;70754.0;10
74500;Vladimir;Rhianna;GIFT_BASKET;SEASHELLS;70754.0;5
74900;Remy;Vinnie;ROSES;SEASHELLS;14411.0;3
75100;Vinnie;Remy;CHOCOLATE;SEASHELLS;7905.0;6
75700;Vinnie;Remy;ROSES;SEASHELLS;14405.0;4
76000;Vinnie;Remy;STRAWBERRIES;SEASHELLS;4043.0;6
76500;Remy;Vinnie;CHOCOLATE;SEASHELLS;7910.0;5
76800;Vinnie;Vladimir;CHOCOLATE;SEASHELLS;7911.0;7
76900;Vinnie;Remy;CHOCOLATE;SEASHELLS;7911.0;5
77200;Vinnie;Vladimir;CHOCOLATE;SEASHELLS;7910.0;9
77500;Vinnie;Vladimir;CHOCOLATE;SEASHELLS;7911.0;4
78200;Vinnie;Vladimir;STRAWBERRIES;SEASHELLS;4040.0;7
79000;Remy;Vinnie;CHOCOLATE;SEASHELLS;7911.0;8
79100;Remy;Vinnie;ROSES;SEASHELLS;14416.0;4
79200;Vinnie;Vladimir;CHOCOLATE;SEASHELLS;7909.0;8
79600;Vinnie;Remy;ROSES;SEASHELLS;14410.0;2
80500;Vinnie;Remy;CHOCOLATE;SEASHELLS;7906.0;5
80800;Remy;Vinnie;CHOCOLATE;SEASHELLS;7906.0;5
80900;Vinnie;Remy;STRAWBERRIES;SEASHELLS;4042.0;7
81600;Vinnie;Remy;CHOCOLATE;SEASHELLS;7901.0;8
81700;Remy;Vinnie;CHOCOLATE;SEASHELLS;7903.0;5
81900;Rhianna;Vinnie;GIFT_BASKET;SEASHELLS;70715.0;2
81900;Rhianna;Vladimir;GIFT_BASKET;SEASHELLS;70715.0;6
81900;Vinnie;Vladimir;STRAWBERRIES;SEASHELLS;4043.0;6
82500;Vinnie;Ruby;GIFT_BASKET;SEASHELLS;70679.0;2
82800;Vinnie;Remy;CHOCOLATE;SEASHELLS;7902.0;5
82800;Vinnie;Remy;STRAWBERRIES;SEASHELLS;4042.0;7
83100;Remy;Vinnie;CHOCOLATE;SEASHELLS;7904.0;8
83200;Remy;Vinnie;ROSES;SEASHELLS;14389.0;1
83500;Vinnie;Remy;STRAWBERRIES;SEASHELLS;4043.0;8
83800;Vinnie;Remy;ROSES;SEASHELLS;14395.0;4
83900;Vinnie;Remy;STRAWBERRIES;SEASHELLS;4041.0;5
84100;Rhianna;Vladimir;GIFT_BASKET;SEASHELLS;70710.0;3
84100;Rhianna;Vinnie;GIFT_BASKET;SEASHELLS;70710.0;2
84300;Remy;Vinnie;ROSES;SEASHELLS;14401.0;5
84700;Vinnie;Vladimir;STRAWBERRIES;SEASHELLS;4042.0;4
84800;Vladimir;Rhianna;GIFT_BASKET;SEASHELLS;70713.0;8
85000;Vinnie;Vladimir;STRAWBERRIES;SEASHELLS;4042.0;8
85200;Vinnie;Remy;STRAWBERRIES;SEASHELLS;4042.0;9
85600;Remy;Vinnie;STRAWBERRIES;SEASHELLS;4043.0;8
85600;Vinnie;Remy;CHOCOLATE;SEASHELLS;7901.0;8
86000;Remy;Vinnie;STRAWBERRIES;SEASHELLS;4043.0;4
86400;Remy;Vinnie;STRAWBERRIES;SEASHELLS;4042.0;8
86500;Vinnie;Remy;STRAWBERRIES;SEASHELLS;4040.0;4
86700;Vladimir;Rhianna;GIFT_BASKET;SEASHELLS;70664.0;2
86700;Vinnie;Remy;STRAWBERRIES;SEASHELLS;4039.0;5
86800;Remy;Vinnie;ROSES;SEASHELLS;14404.0;1
87000;Vinnie;Remy;ROSES;SEASHELLS;14398.0;4
87100;Remy;Vinnie;ROSES;SEASHELLS;14397.0;3
87300;Vinnie;Vladimir;STRAWBERRIES;SEASHELLS;4040.0;11
87300;Vinnie;Remy;STRAWBERRIES;SEASHELLS;4040.0;5
87400;Vinnie;Remy;STRAWBERRIES;SEASHELLS;4040.0;7
87700;Ruby;Vinnie;GIFT_BASKET;SEASHELLS;70698.0;1
87800;Vinnie;Remy;STRAWBERRIES;SEASHELLS;4040.0;7
88000;Remy;Vinnie;ROSES;SEASHELLS;14407.0;1
88000;Vinnie;Ruby;GIFT_BASKET;SEASHELLS;70693.0;1
88000;Vinnie;Vladimir;ROSES;SEASHELLS;14406.0;5
88000;Vinnie;Vladimir;STRAWBERRIES;SEASHELLS;4040.0;3
88300;Remy;Vinnie;ROSES;SEASHELLS;14409.0;1
88600;Vinnie;Vladimir;STRAWBERRIES;SEASHELLS;4041.0;3
89100;Remy;Vinnie;STRAWBERRIES;SEASHELLS;4043.0;6
89400;Vinnie;Remy;ROSES;SEASHELLS;14403.0;3
89500;Remy;Vinnie;CHOCOLATE;SEASHELLS;7902.0;7
89800;Vinnie;Vladimir;CHOCOLATE;SEASHELLS;7900.0;10
89900;Ruby;Vladimir;GIFT_BASKET;SEASHELLS;70708.0;10
89900;Remy;Vinnie;ROSES;SEASHELLS;14407.0;3
89900;Vinnie;Remy;STRAWBERRIES;SEASHELLS;4042.0;4
90200;Vinnie;Vladimir;STRAWBERRIES;SEASHELLS;4042.0;8
90300;Vinnie;Remy;ROSES;SEASHELLS;14406.0;2
90500;Vinnie;Vladimir;STRAWBERRIES;SEASHELLS;4043.0;7
90700;Vladimir;Rhianna;GIFT_BASKET;SEASHELLS;70700.0;6
90700;Vinnie;Rhianna;GIFT_BASKET;SEASHELLS;70701.0;2
90700;Vinnie;Remy;ROSES;SEASHELLS;14413.0;2
90700;Vinnie;Vladimir;STRAWBERRIES;SEASHELLS;4042.0;4
91200;Vinnie;Vladimir;STRAWBERRIES;SEASHELLS;4042.0;12
91200;Remy;Vinnie;STRAWBERRIES;SEASHELLS;4043.0;8
91300;Ruby;Vinnie;GIFT_BASKET;SEASHELLS;70751.0;1
91600;Remy;Vinnie;STRAWBERRIES;SEASHELLS;4044.0;7
91700;Remy;Vinnie;ROSES;SEASHELLS;14420.0;4
91800;Vinnie;Remy;CHOCOLATE;SEASHELLS;7901.0;6
91800;Vinnie;Rhianna;GIFT_BASKET;SEASHELLS;70734.0;2
91900;Remy;Vinnie;STRAWBERRIES;SEASHELLS;4043.0;6
92100;Vladimir;Ruby;GIFT_BASKET;SEASHELLS;70750.0;8
92400;Vinnie;Remy;STRAWBERRIES;SEASHELLS;4041.0;7
92500;Remy;Vinnie;ROSES;SEASHELLS;14426.0;1
93500;Ruby;Vinnie;GIFT_BASKET;SEASHELLS;70767.0;2
93600;Remy;Vinnie;ROSES;SEASHELLS;14425.0;4
93900;Vinnie;Vladimir;STRAWBERRIES;SEASHELLS;4042.0;10
93900;Vinnie;Vladimir;CHOCOLATE;SEASHELLS;7904.0;8
94100;Remy;Vinnie;STRAWBERRIES;SEASHELLS;4043.0;9
94200;Vinnie;Vladimir;ROSES;SEASHELLS;14413.0;3
94600;Vinnie;Remy;STRAWBERRIES;SEASHELLS;4041.0;6
95500;Remy;Vinnie;STRAWBERRIES;SEASHELLS;4044.0;8
95500;Vladimir;Rhianna;GIFT_BASKET;SEASHELLS;70693.0;5
95600;Remy;Vinnie;STRAWBERRIES;SEASHELLS;4043.0;4
95800;Vinnie;Remy;STRAWBERRIES;SEASHELLS;4042.0;7
96300;Vinnie;Vladimir;CHOCOLATE;SEASHELLS;7898.0;4
96400;Remy;Vinnie;STRAWBERRIES;SEASHELLS;4043.0;5
96700;Vinnie;Vladimir;CHOCOLATE;SEASHELLS;7898.0;10
97200;Remy;Vinnie;ROSES;SEASHELLS;14412.0;5
97400;Vinnie;Remy;STRAWBERRIES;SEASHELLS;4042.0;9
97500;Remy;Vinnie;ROSES;SEASHELLS;14415.0;2
97500;Vladimir;Ruby;GIFT_BASKET;SEASHELLS;70676.0;5
97600;Vinnie;Rhianna;GIFT_BASKET;SEASHELLS;70671.0;1
97600;Vladimir;Rhianna;GIFT_BASKET;SEASHELLS;70670.0;3
97800;Vinnie;Remy;ROSES;SEASHELLS;14412.0;1
97900;Vinnie;Ruby;GIFT_BASKET;SEASHELLS;70689.0;2
98000;Vinnie;Remy;STRAWBERRIES;SEASHELLS;4044.0;9
98100;Remy;Vinnie;CHOCOLATE;SEASHELLS;7900.0;5
98300;Vladimir;Rhianna;GIFT_BASKET;SEASHELLS;70712.0;1
98300;Vladimir;Ruby;GIFT_BASKET;SEASHELLS;70711.0;10
98300;Vinnie;Rhianna;GIFT_BASKET;SEASHELLS;70712.0;1
98500;Vinnie;Vladimir;CHOCOLATE;SEASHELLS;7899.0;4
99100;Vinnie;Remy;ROSES;SEASHELLS;14408.0;1
99200;Remy;Vinnie;STRAWBERRIES;SEASHELLS;4046.0;5
99300;Vinnie;Vladimir;STRAWBERRIES;SEASHELLS;4044.0;4
99400;Remy;Vinnie;CHOCOLATE;SEASHELLS;7897.0;8
100800;Vinnie;Remy;ROSES;SEASHELLS;14403.0;2
101200;Remy;Vinnie;ROSES;SEASHELLS;14411.0;2
101300;Vinnie;Remy;STRAWBERRIES;SEASHELLS;4044.0;5
102300;Remy;Vinnie;CHOCOLATE;SEASHELLS;7905.0;7
102900;Vinnie;Remy;CHOCOLATE;SEASHELLS;7898.0;7
103100;Vinnie;Remy;STRAWBERRIES;SEASHELLS;4044.0;5
103400;Vinnie;Remy;ROSES;SEASHELLS;14412.0;1
103500;Remy;Vinnie;ROSES;SEASHELLS;14408.0;5
103600;Vinnie;Remy;CHOCOLATE;SEASHELLS;7897.0;5
104500;Remy;Vinnie;ROSES;SEASHELLS;14407.0;3
104700;Remy;Vinnie;ROSES;SEASHELLS;14404.0;3
105100;Vinnie;Vladimir;CHOCOLATE;SEASHELLS;7893.0;6
105400;Vinnie;Remy;STRAWBERRIES;SEASHELLS;4045.0;9
105700;Vinnie;Vladimir;ROSES;SEASHELLS;14402.0;5
106000;Vinnie;Remy;STRAWBERRIES;SEASHELLS;4044.0;6
107000;Vinnie;Vladimir;STRAWBERRIES;SEASHELLS;4042.0;4
107000;Remy;Vinnie;CHOCOLATE;SEASHELLS;7894.0;5
107100;Vinnie;Remy;ROSES;SEASHELLS;14417.0;4
107100;Remy;Vinnie;STRAWBERRIES;SEASHELLS;4043.0;8
108100;Remy;Vinnie;CHOCOLATE;SEASHELLS;7900.0;7
108500;Remy;Vinnie;ROSES;SEASHELLS;14430.0;1
109000;Vinnie;Remy;ROSES;SEASHELLS;14437.0;1
109200;Ruby;Vladimir;GIFT_BASKET;SEASHELLS;70792.0;7
109200;Vinnie;Remy;ROSES;SEASHELLS;14436.0;1
109400;Vinnie;Remy;CHOCOLATE;SEASHELLS;7898.0;6
109400;Vinnie;Remy;STRAWBERRIES;SEASHELLS;4043.0;9
109600;Vladimir;Rhianna;GIFT_BASKET;SEASHELLS;70754.0;2
109600;Vinnie;Rhianna;GIFT_BASKET;SEASHELLS;70754.0;1
109900;Remy;Vinnie;ROSES;SEASHELLS;14440.0;2
109900;Remy;Vinnie;STRAWBERRIES;SEASHELLS;4044.0;5
109900;Ruby;Vladimir;GIFT_BASKET;SEASHELLS;70793.0;5
110000;Vinnie;Remy;CHOCOLATE;SEASHELLS;7901.0;7
110000;Remy;Vinnie;STRAWBERRIES;SEASHELLS;4044.0;4
110400;Vladimir;Rhianna;GIFT_BASKET;SEASHELLS;70812.0;6
110600;Vinnie;Vladimir;STRAWBERRIES;SEASHELLS;4044.0;8
110700;Vinnie;Remy;CHOCOLATE;SEASHELLS;7903.0;6
111500;Remy;Vinnie;CHOCOLATE;SEASHELLS;7908.0;6
111700;Vinnie;Ruby;GIFT_BASKET;SEASHELLS;70826.0;1
111800;Remy;Vinnie;STRAWBERRIES;SEASHELLS;4048.0;6
111800;Vladimir;Ruby;GIFT_BASKET;SEASHELLS;70817.0;5
112500;Remy;Vinnie;ROSES;SEASHELLS;14453.0;3
113100;Remy;Vinnie;STRAWBERRIES;SEASHELLS;4048.0;4
114100;Vinnie;Remy;ROSES;SEASHELLS;14443.0;1
114700;Remy;Vinnie;CHOCOLATE;SEASHELLS;7893.0;6
114800;Vinnie;Vladimir;ROSES;SEASHELLS;14433.0;3
114900;Remy;Vinnie;ROSES;SEASHELLS;14435.0;3
115500;Remy;Vinnie;STRAWBERRIES;SEASHELLS;4050.0;4
116100;Remy;Vinnie;ROSES;SEASHELLS;14446.0;1
116400;Vinnie;Remy;ROSES;SEASHELLS;14444.0;3
116900;Vinnie;Remy;CHOCOLATE;SEASHELLS;7895.0;8
117000;Remy;Vinnie;STRAWBERRIES;SEASHELLS;4048.0;7
117400;Ruby;Vinnie;GIFT_BASKET;SEASHELLS;70724.0;2
117400;Vinnie;Rhianna;GIFT_BASKET;SEASHELLS;70713.0;2
117400;Vladimir;Rhianna;GIFT_BASKET;SEASHELLS;70712.0;1
117700;Vinnie;Remy;ROSES;SEASHELLS;14446.0;2
118600;Vladimir;Ruby;GIFT_BASKET;SEASHELLS;70703.0;9
119100;Remy;Vinnie;ROSES;SEASHELLS;14456.0;3
119200;Remy;Vinnie;ROSES;SEASHELLS;14459.0;1
119800;Remy;Vinnie;CHOCOLATE;SEASHELLS;7908.0;8
119900;Vinnie;Remy;STRAWBERRIES;SEASHELLS;4045.0;10
120000;Vinnie;Remy;CHOCOLATE;SEASHELLS;7906.0;5
120100;Vinnie;Remy;CHOCOLATE;SEASHELLS;7907.0;8
120300;Vinnie;Remy;CHOCOLATE;SEASHELLS;7908.0;7
120400;Vinnie;Remy;STRAWBERRIES;SEASHELLS;4045.0;5
120900;Vinnie;Vladimir;CHOCOLATE;SEASHELLS;7907.0;10
121300;Vinnie;Remy;STRAWBERRIES;SEASHELLS;4043.0;6
122500;Vinnie;Remy;ROSES;SEASHELLS;14467.0;3
122900;Vinnie;Remy;CHOCOLATE;SEASHELLS;7904.0;6
123200;Vinnie;Remy;CHOCOLATE;SEASHELLS;7904.0;6
123400;Vinnie;Remy;ROSES;SEASHELLS;14476.0;4
123400;Vinnie;Vladimir;STRAWBERRIES;SEASHELLS;4044.0;9
123700;Vinnie;Remy;STRAWBERRIES;SEASHELLS;4043.0;9
124300;Vinnie;Vladimir;CHOCOLATE;SEASHELLS;7897.0;10
124400;Vinnie;Remy;STRAWBERRIES;SEASHELLS;4043.0;9
124700;Vinnie;Vladimir;STRAWBERRIES;SEASHELLS;4044.0;3
125000;Ruby;Vinnie;GIFT_BASKET;SEASHELLS;70672.0;2
125600;Remy;Vinnie;ROSES;SEASHELLS;14474.0;1
126000;Ruby;Vinnie;GIFT_BASKET;SEASHELLS;70639.0;2
126400;Vinnie;Remy;CHOCOLATE;SEASHELLS;7896.0;8
126900;Remy;Vinnie;ROSES;SEASHELLS;14484.0;5
127200;Vinnie;Remy;STRAWBERRIES;SEASHELLS;4045.0;10
127300;Vinnie;Vladimir;CHOCOLATE;SEASHELLS;7898.0;10
127300;Vinnie;Remy;STRAWBERRIES;SEASHELLS;4045.0;9
127700;Remy;Vinnie;CHOCOLATE;SEASHELLS;7902.0;8
128100;Vinnie;Vladimir;STRAWBERRIES;SEASHELLS;4044.0;11
128100;Remy;Vinnie;ROSES;SEASHELLS;14476.0;2
128200;Vinnie;Remy;CHOCOLATE;SEASHELLS;7898.0;5
128300;Vinnie;Remy;STRAWBERRIES;SEASHELLS;4044.0;5
129000;Vinnie;Vladimir;CHOCOLATE;SEASHELLS;7896.0;5
129200;Vinnie;Remy;ROSES;SEASHELLS;14477.0;4
129900;Remy;Vinnie;CHOCOLATE;SEASHELLS;7896.0;5
130200;Vinnie;Remy;CHOCOLATE;SEASHELLS;7894.0;8
130300;Remy;Vinnie;CHOCOLATE;SEASHELLS;7896.0;8
130500;Vinnie;Remy;STRAWBERRIES;SEASHELLS;4042.0;5
130500;Vinnie;Remy;CHOCOLATE;SEASHELLS;7894.0;7
130500;Remy;Vinnie;ROSES;SEASHELLS;14477.0;4
131100;Vinnie;Rhianna;GIFT_BASKET;SEASHELLS;70593.0;2
131100;Vladimir;Rhianna;GIFT_BASKET;SEASHELLS;70592.0;1
131300;Remy;Vinnie;ROSES;SEASHELLS;14480.0;2
131400;Remy;Vinnie;CHOCOLATE;SEASHELLS;7894.0;5
131500;Vinnie;Remy;ROSES;SEASHELLS;14478.0;1
132100;Vinnie;Remy;ROSES;SEASHELLS;14475.0;3
133000;Vinnie;Remy;STRAWBERRIES;SEASHELLS;4043.0;8
133100;Vinnie;Remy;STRAWBERRIES;SEASHELLS;4043.0;5
133300;Ruby;Vinnie;GIFT_BASKET;SEASHELLS;70546.0;1
134000;Vinnie;Vladimir;STRAWBERRIES;SEASHELLS;4042.0;7
134300;Vladimir;Ruby;GIFT_BASKET;SEASHELLS;70532.0;10
134500;Vinnie;Remy;ROSES;SEASHELLS;14484.0;4
134600;Remy;Vinnie;CHOCOLATE;SEASHELLS;7896.0;8
134800;Vinnie;Vladimir;STRAWBERRIES;SEASHELLS;4042.0;10
134800;Remy;Vinnie;ROSES;SEASHELLS;14480.0;2
134800;Remy;Vinnie;CHOCOLATE;SEASHELLS;7895.0;5
135000;Vinnie;Remy;ROSES;SEASHELLS;14472.0;2
135500;Vinnie;Remy;STRAWBERRIES;SEASHELLS;4039.0;6
135800;Vinnie;Remy;STRAWBERRIES;SEASHELLS;4039.0;9
135800;Vinnie;Vladimir;STRAWBERRIES;SEASHELLS;4039.0;12
136500;Vinnie;Vladimir;STRAWBERRIES;SEASHELLS;4039.0;9
136600;Vinnie;Remy;CHOCOLATE;SEASHELLS;7893.0;7
136700;Vinnie;Rhianna;ROSES;SEASHELLS;14488.0;3
136700;Remy;Vinnie;ROSES;SEASHELLS;14489.0;5
136900;Vladimir;Rhianna;GIFT_BASKET;SEASHELLS;70531.0;6
136900;Vinnie;Rhianna;GIFT_BASKET;SEASHELLS;70532.0;2
137000;Vladimir;Ruby;GIFT_BASKET;SEASHELLS;70536.0;6
137100;Vinnie;Remy;STRAWBERRIES;SEASHELLS;4039.0;6
137500;Remy;Vinnie;ROSES;SEASHELLS;14482.0;2
138000;Vinnie;Rhianna;GIFT_BASKET;SEASHELLS;70562.0;2
138000;Vladimir;Rhianna;GIFT_BASKET;SEASHELLS;70561.0;5
138100;Vladimir;Rhianna;GIFT_BASKET;SEASHELLS;70570.0;3
138200;Remy;Vinnie;CHOCOLATE;SEASHELLS;7897.0;8
138300;Vinnie;Remy;CHOCOLATE;SEASHELLS;7896.0;6
138400;Vinnie;Remy;STRAWBERRIES;SEASHELLS;4039.0;5
138800;Vinnie;Vladimir;STRAWBERRIES;SEASHELLS;4039.0;11
139300;Vinnie;Vladimir;CHOCOLATE;SEASHELLS;7898.0;5
139500;Vinnie;Remy;STRAWBERRIES;SEASHELLS;4038.0;5
139600;Remy;Vinnie;STRAWBERRIES;SEASHELLS;4040.0;9
140100;Remy;Vinnie;CHOCOLATE;SEASHELLS;7901.0;6
140400;Vinnie;Remy;STRAWBERRIES;SEASHELLS;4039.0;9
140400;Remy;Vinnie;CHOCOLATE;SEASHELLS;7901.0;7
140600;Remy;Vinnie;ROSES;SEASHELLS;14452.0;3
141000;Remy;Vinnie;CHOCOLATE;SEASHELLS;7901.0;5
141100;Vinnie;Remy;STRAWBERRIES;SEASHELLS;4040.0;6
141200;Vinnie;Rhianna;GIFT_BASKET;SEASHELLS;70527.0;1
141800;Vinnie;Vladimir;STRAWBERRIES;SEASHELLS;4040.0;7
141900;Vinnie;Remy;CHOCOLATE;SEASHELLS;7902.0;7
142200;Vinnie;Remy;CHOCOLATE;SEASHELLS;7900.0;8
142200;Vinnie;Remy;STRAWBERRIES;SEASHELLS;4041.0;10
142300;Vinnie;Remy;CHOCOLATE;SEASHELLS;7898.0;6
142500;Remy;Vinnie;ROSES;SEASHELLS;14427.0;3
142500;Remy;Vinnie;CHOCOLATE;SEASHELLS;7899.0;5
142800;Vinnie;Rhianna;GIFT_BASKET;SEASHELLS;70513.0;2
143100;Remy;Vinnie;ROSES;SEASHELLS;14435.0;5
143600;Vinnie;Vladimir;STRAWBERRIES;SEASHELLS;4042.0;9
143700;Remy;Vinnie;STRAWBERRIES;SEASHELLS;4043.0;5
143900;Remy;Vinnie;STRAWBERRIES;SEASHELLS;4043.0;8
143900;Vinnie;Vladimir;CHOCOLATE;SEASHELLS;7896.0;8
144000;Remy;Vinnie;CHOCOLATE;SEASHELLS;7898.0;5
144000;Remy;Vinnie;ROSES;SEASHELLS;14441.0;2
144300;Vinnie;Vladimir;CHOCOLATE;SEASHELLS;7897.0;6
145400;Remy;Vinnie;CHOCOLATE;SEASHELLS;7901.0;6
145700;Vinnie;Rhianna;GIFT_BASKET;SEASHELLS;70508.0;1
145700;Vladimir;Rhianna;GIFT_BASKET;SEASHELLS;70507.0;1
146000;Remy;Vinnie;STRAWBERRIES;SEASHELLS;4040.0;10
146200;Vinnie;Remy;STRAWBERRIES;SEASHELLS;4038.0;10
146300;Remy;Vinnie;STRAWBERRIES;SEASHELLS;4039.0;5
146400;Remy;Vinnie;CHOCOLATE;SEASHELLS;7897.0;7
146900;Vinnie;Remy;ROSES;SEASHELLS;14416.0;1
147100;Vinnie;Remy;ROSES;SEASHELLS;14418.0;1
147300;Remy;Vinnie;ROSES;SEASHELLS;14418.0;3
147500;Ruby;Vinnie;GIFT_BASKET;SEASHELLS;70503.0;2
147800;Vinnie;Remy;CHOCOLATE;SEASHELLS;7896.0;5
148000;Remy;Vinnie;ROSES;SEASHELLS;14410.0;2
148200;Ruby;Vinnie;GIFT_BASKET;SEASHELLS;70515.0;1
148300;Remy;Vinnie;ROSES;SEASHELLS;14415.0;1
148700;Vinnie;Remy;ROSES;SEASHELLS;14409.0;3
149400;Vinnie;Remy;STRAWBERRIES;SEASHELLS;4039.0;7
149900;Vinnie;Remy;ROSES;SEASHELLS;14414.0;3
150300;Ruby;Vinnie;GIFT_BASKET;SEASHELLS;70523.0;2
150800;Vinnie;Vladimir;STRAWBERRIES;SEASHELLS;4038.0;3
150900;Remy;Vinnie;ROSES;SEASHELLS;14421.0;4
151400;Vinnie;Vladimir;STRAWBERRIES;SEASHELLS;4038.0;3
151800;Vinnie;Vladimir;CHOCOLATE;SEASHELLS;7892.0;7
152300;Vinnie;Remy;ROSES;SEASHELLS;14409.0;2
153100;Vinnie;Vladimir;STRAWBERRIES;SEASHELLS;4037.0;9
153200;Vinnie;Vladimir;STRAWBERRIES;SEASHELLS;4036.0;5
153200;Remy;Vinnie;STRAWBERRIES;SEASHELLS;4038.0;8
153300;Vinnie;Remy;CHOCOLATE;SEASHELLS;7888.0;7
153300;Vinnie;Remy;STRAWBERRIES;SEASHELLS;4035.0;8
153500;Vinnie;Remy;ROSES;SEASHELLS;14406.0;3
153600;Vladimir;Rhianna;GIFT_BASKET;SEASHELLS;70466.0;2
153600;Vinnie;Rhianna;GIFT_BASKET;SEASHELLS;70467.0;2
153700;Remy;Vinnie;CHOCOLATE;SEASHELLS;7889.0;5
153800;Vinnie;Remy;ROSES;SEASHELLS;14403.0;5
154000;Vinnie;Vladimir;CHOCOLATE;SEASHELLS;7886.0;4
154200;Remy;Vinnie;ROSES;SEASHELLS;14402.0;2
154600;Vinnie;Vladimir;CHOCOLATE;SEASHELLS;7886.0;5
154700;Remy;Vinnie;CHOCOLATE;SEASHELLS;7886.0;8
154800;Vinnie;Remy;ROSES;SEASHELLS;14406.0;4
154900;Vinnie;Rhianna;GIFT_BASKET;SEASHELLS;70458.0;1
156100;Vinnie;Remy;STRAWBERRIES;SEASHELLS;4035.0;8
156400;Remy;Vinnie;ROSES;SEASHELLS;14399.0;4
156500;Remy;Vinnie;STRAWBERRIES;SEASHELLS;4036.0;7
156600;Vinnie;Vladimir;STRAWBERRIES;SEASHELLS;4035.0;11
156800;Vinnie;Remy;STRAWBERRIES;SEASHELLS;4035.0;9
156900;Remy;Vinnie;CHOCOLATE;SEASHELLS;7880.0;7
157000;Remy;Vinnie;ROSES;SEASHELLS;14393.0;1
157300;Vladimir;Rhianna;GIFT_BASKET;SEASHELLS;70432.0;8
157500;Vinnie;Remy;STRAWBERRIES;SEASHELLS;4035.0;5
157800;Vinnie;Vladimir;STRAWBERRIES;SEASHELLS;4036.0;4
158000;Vinnie;Remy;ROSES;SEASHELLS;14398.0;5
158300;Remy;Vinnie;ROSES;SEASHELLS;14398.0;1
158600;Remy;Vinnie;STRAWBERRIES;SEASHELLS;4038.0;4
158700;Remy;Vinnie;ROSES;SEASHELLS;14398.0;5
158800;Vinnie;Remy;CHOCOLATE;SEASHELLS;7883.0;7
158900;Remy;Vinnie;STRAWBERRIES;SEASHELLS;4038.0;5
159000;Remy;Vinnie;ROSES;SEASHELLS;14398.0;3
159100;Vinnie;Rhianna;GIFT_BASKET;SEASHELLS;70465.0;2
159900;Remy;Vinnie;ROSES;SEASHELLS;14411.0;2
160000;Vinnie;Remy;CHOCOLATE;SEASHELLS;7879.0;8
160300;Remy;Vinnie;ROSES;SEASHELLS;14412.0;5
161100;Remy;Vinnie;CHOCOLATE;SEASHELLS;7876.0;6
161200;Remy;Vinnie;STRAWBERRIES;SEASHELLS;4035.0;8
161400;Remy;Vinnie;ROSES;SEASHELLS;14397.0;5
161600;Vinnie;Remy;ROSES;SEASHELLS;14403.0;3
161800;Vinnie;Remy;ROSES;SEASHELLS;14400.0;5
162100;Vinnie;Rhianna;GIFT_BASKET;SEASHELLS;70509.0;1
162100;Vladimir;Rhianna;GIFT_BASKET;SEASHELLS;70508.0;4
162500;Vinnie;Vladimir;CHOCOLATE;SEASHELLS;7876.0;7
163100;Remy;Vinnie;STRAWBERRIES;SEASHELLS;4037.0;10
163300;Vinnie;Ruby;GIFT_BASKET;SEASHELLS;70484.0;1
163400;Remy;Vinnie;ROSES;SEASHELLS;14395.0;5
163500;Remy;Vinnie;ROSES;SEASHELLS;14398.0;5
163800;Remy;Vinnie;STRAWBERRIES;SEASHELLS;4036.0;8
164000;Remy;Vinnie;ROSES;SEASHELLS;14392.0;4
165000;Vinnie;Remy;STRAWBERRIES;SEASHELLS;4035.0;8
165100;Remy;Vinnie;STRAWBERRIES;SEASHELLS;4036.0;4
165600;Vinnie;Remy;CHOCOLATE;SEASHELLS;7875.0;7
165600;Vinnie;Remy;ROSES;SEASHELLS;14397.0;4
166600;Vinnie;Remy;ROSES;SEASHELLS;14393.0;4
166700;Remy;Vinnie;STRAWBERRIES;SEASHELLS;4034.0;6
167000;Remy;Vinnie;STRAWBERRIES;SEASHELLS;4034.0;10
167100;Vinnie;Vladimir;STRAWBERRIES;SEASHELLS;4033.0;8
167300;Remy;Vinnie;ROSES;SEASHELLS;14398.0;2
167300;Vinnie;Remy;CHOCOLATE;SEASHELLS;7873.0;7
167400;Vladimir;Ruby;GIFT_BASKET;SEASHELLS;70472.0;6
167700;Vinnie;Remy;CHOCOLATE;SEASHELLS;7871.0;6
168300;Vinnie;Remy;ROSES;SEASHELLS;14397.0;5
168500;Vinnie;Remy;CHOCOLATE;SEASHELLS;7876.0;5
168600;Vinnie;Vladimir;ROSES;SEASHELLS;14394.0;3
168700;Vinnie;Remy;STRAWBERRIES;SEASHELLS;4033.0;8
168800;Vinnie;Remy;ROSES;SEASHELLS;14392.0;2
169000;Vinnie;Remy;ROSES;SEASHELLS;14395.0;2
169400;Vladimir;Ruby;GIFT_BASKET;SEASHELLS;70436.0;10
169400;Vinnie;Remy;ROSES;SEASHELLS;14394.0;5
170000;Vinnie;Vladimir;STRAWBERRIES;SEASHELLS;4033.0;4
170400;Vinnie;Remy;CHOCOLATE;SEASHELLS;7871.0;7
170700;Vinnie;Remy;ROSES;SEASHELLS;14402.0;2
170800;Remy;Vinnie;STRAWBERRIES;SEASHELLS;4034.0;10
170900;Remy;Vinnie;ROSES;SEASHELLS;14408.0;2
171000;Remy;Vinnie;ROSES;SEASHELLS;14413.0;3
171400;Vinnie;Remy;ROSES;SEASHELLS;14410.0;4
171700;Remy;Vinnie;STRAWBERRIES;SEASHELLS;4034.0;4
171900;Vinnie;Vladimir;CHOCOLATE;SEASHELLS;7873.0;10
172300;Vinnie;Ruby;GIFT_BASKET;SEASHELLS;70489.0;2
172600;Vinnie;Ruby;GIFT_BASKET;SEASHELLS;70476.0;1
173100;Vinnie;Remy;CHOCOLATE;SEASHELLS;7873.0;8
173200;Vinnie;Remy;CHOCOLATE;SEASHELLS;7872.0;5
173300;Vinnie;Remy;STRAWBERRIES;SEASHELLS;4033.0;7
173300;Vinnie;Vladimir;ROSES;SEASHELLS;14410.0;5
173900;Vinnie;Vladimir;ROSES;SEASHELLS;14405.0;4
174400;Vinnie;Remy;STRAWBERRIES;SEASHELLS;4034.0;8
174800;Vinnie;Remy;CHOCOLATE;SEASHELLS;7878.0;8
175200;Vinnie;Ruby;GIFT_BASKET;SEASHELLS;70506.0;1
175200;Vinnie;Vladimir;STRAWBERRIES;SEASHELLS;4034.0;7
175300;Vinnie;Remy;ROSES;SEASHELLS;14397.0;1
175500;Remy;Vinnie;ROSES;SEASHELLS;14401.0;2
176100;Vinnie;Vladimir;STRAWBERRIES;SEASHELLS;4033.0;11
176200;Remy;Vinnie;CHOCOLATE;SEASHELLS;7877.0;6
176500;Vinnie;Ruby;GIFT_BASKET;SEASHELLS;70495.0;1
176800;Rhianna;Vinnie;GIFT_BASKET;SEASHELLS;70473.0;1
176800;Remy;Vinnie;CHOCOLATE;SEASHELLS;7876.0;7
176800;Rhianna;Vinnie;GIFT_BASKET;SEASHELLS;70467.0;4
177000;Vinnie;Remy;CHOCOLATE;SEASHELLS;7876.0;7
177200;Remy;Vinnie;CHOCOLATE;SEASHELLS;7877.0;7
177200;Remy;Vinnie;ROSES;SEASHELLS;14400.0;5
177900;Remy;Vinnie;STRAWBERRIES;SEASHELLS;4034.0;7
178000;Vinnie;Remy;CHOCOLATE;SEASHELLS;7874.0;7
179200;Vinnie;Remy;ROSES;SEASHELLS;14398.0;5
179300;Remy;Vinnie;CHOCOLATE;SEASHELLS;7874.0;5
179800;Remy;Vinnie;STRAWBERRIES;SEASHELLS;4034.0;8
179900;Vladimir;Ruby;GIFT_BASKET;SEASHELLS;70428.0;10
180300;Rhianna;Vladimir;GIFT_BASKET;SEASHELLS;70442.0;6
180800;Rhianna;Vladimir;GIFT_BASKET;SEASHELLS;70452.0;6
181400;Vinnie;Ruby;GIFT_BASKET;SEASHELLS;70438.0;2
181400;Remy;Vinnie;STRAWBERRIES;SEASHELLS;4033.0;5
181600;Remy;Vinnie;CHOCOLATE;SEASHELLS;7881.0;5
182100;Vladimir;Ruby;GIFT_BASKET;SEASHELLS;70452.0;7
182500;Vinnie;Remy;ROSES;SEASHELLS;14385.0;4
182600;Remy;Vinnie;STRAWBERRIES;SEASHELLS;4036.0;6
182700;Remy;Vinnie;CHOCOLATE;SEASHELLS;7881.0;5
182900;Vinnie;Vladimir;CHOCOLATE;SEASHELLS;7879.0;5
183200;Remy;Vinnie;ROSES;SEASHELLS;14391.0;5
183600;Vinnie;Remy;CHOCOLATE;SEASHELLS;7876.0;8
183800;Vinnie;Vladimir;CHOCOLATE;SEASHELLS;7877.0;9
184000;Vladimir;Vinnie;GIFT_BASKET;SEASHELLS;70415.0;1
184400;Vinnie;Remy;STRAWBERRIES;SEASHELLS;4033.0;6
184400;Vladimir;Rhianna;GIFT_BASKET;SEASHELLS;70412.0;8
184500;Remy;Vinnie;CHOCOLATE;SEASHELLS;7878.0;5
184500;Vinnie;Remy;STRAWBERRIES;SEASHELLS;4033.0;7
184600;Remy;Vladimir;STRAWBERRIES;SEASHELLS;4034.0;4
184600;Remy;Vinnie;ROSES;SEASHELLS;14379.0;2
184900;Vinnie;Ruby;GIFT_BASKET;SEASHELLS;70408.0;1
184900;Vinnie;Vladimir;CHOCOLATE;SEASHELLS;7876.0;7
184900;Vinnie;Remy;STRAWBERRIES;SEASHELLS;4033.0;8
184900;Remy;Vinnie;ROSES;SEASHELLS;14381.0;3
185400;Remy;Vinnie;CHOCOLATE;SEASHELLS;7878.0;8
185900;Vinnie;Remy;STRAWBERRIES;SEASHELLS;4032.0;8
186200;Vinnie;Vladimir;STRAWBERRIES;SEASHELLS;4033.0;5
186300;Remy;Vinnie;STRAWBERRIES;SEASHELLS;4035.0;5
186500;Vinnie;Remy;STRAWBERRIES;SEASHELLS;4033.0;7
186700;Remy;Vinnie;ROSES;SEASHELLS;14388.0;5
187100;Vinnie;Remy;STRAWBERRIES;SEASHELLS;4032.0;9
188100;Vinnie;Remy;ROSES;SEASHELLS;14392.0;1
188200;Vinnie;Vladimir;STRAWBERRIES;SEASHELLS;4032.0;12
188300;Vinnie;Remy;CHOCOLATE;SEASHELLS;7880.0;6
188500;Remy;Vinnie;STRAWBERRIES;SEASHELLS;4033.0;4
188800;Vinnie;Remy;CHOCOLATE;SEASHELLS;7877.0;6
188900;Vinnie;Vladimir;STRAWBERRIES;SEASHELLS;4032.0;4
189000;Remy;Vinnie;CHOCOLATE;SEASHELLS;7879.0;5
189200;Vinnie;Remy;ROSES;SEASHELLS;14393.0;5
189600;Remy;Vinnie;STRAWBERRIES;SEASHELLS;4034.0;5
189800;Remy;Vinnie;CHOCOLATE;SEASHELLS;7878.0;6
190400;Remy;Vinnie;CHOCOLATE;SEASHELLS;7877.0;5
190800;Vinnie;Remy;ROSES;SEASHELLS;14398.0;3
191000;Remy;Vinnie;ROSES;SEASHELLS;14397.0;4
191100;Vinnie;Ruby;GIFT_BASKET;SEASHELLS;70399.0;2
191200;Vladimir;Rhianna;GIFT_BASKET;SEASHELLS;70402.0;7
191400;Vinnie;Remy;STRAWBERRIES;SEASHELLS;4032.0;5
191600;Remy;Vinnie;CHOCOLATE;SEASHELLS;7868.0;8
191700;Vinnie;Remy;STRAWBERRIES;SEASHELLS;4032.0;8
191700;Vinnie;Vladimir;STRAWBERRIES;SEASHELLS;4032.0;10
191800;Vinnie;Remy;CHOCOLATE;SEASHELLS;7865.0;6
192400;Vinnie;Remy;CHOCOLATE;SEASHELLS;7863.0;6
192600;Vinnie;Rhianna;GIFT_BASKET;SEASHELLS;70376.0;2
192600;Vladimir;Rhianna;GIFT_BASKET;SEASHELLS;70375.0;5
192700;Vinnie;Remy;CHOCOLATE;SEASHELLS;7861.0;5
192800;Ruby;Vladimir;GIFT_BASKET;SEASHELLS;70374.0;8
193000;Ruby;Vladimir;GIFT_BASKET;SEASHELLS;70370.0;5
193200;Remy;Vinnie;STRAWBERRIES;SEASHELLS;4032.0;6
193200;Ruby;Vladimir;GIFT_BASKET;SEASHELLS;70356.0;9
194100;Vinnie;Vladimir;CHOCOLATE;SEASHELLS;7862.0;4
194400;Vinnie;Remy;STRAWBERRIES;SEASHELLS;4031.0;7
194400;Remy;Vinnie;CHOCOLATE;SEASHELLS;7862.0;7
194500;Remy;Vinnie;STRAWBERRIES;SEASHELLS;4031.0;6
194900;Remy;Vinnie;STRAWBERRIES;SEASHELLS;4031.0;7
195000;Vinnie;Remy;ROSES;SEASHELLS;14394.0;4
195200;Vinnie;Remy;STRAWBERRIES;SEASHELLS;4031.0;7
196100;Vinnie;Vladimir;STRAWBERRIES;SEASHELLS;4028.0;10
196100;Vinnie;Remy;STRAWBERRIES;SEASHELLS;4028.0;5
196700;Vinnie;Remy;ROSES;SEASHELLS;14380.0;1
197500;Remy;Vinnie;ROSES;SEASHELLS;14389.0;3
197600;Vinnie;Vladimir;STRAWBERRIES;SEASHELLS;4028.0;10
197900;Remy;Vinnie;ROSES;SEASHELLS;14383.0;5
197900;Vinnie;Vladimir;STRAWBERRIES;SEASHELLS;4029.0;11
198200;Vinnie;Rhianna;GIFT_BASKET;SEASHELLS;70301.0;1
198400;Remy;Vinnie;STRAWBERRIES;SEASHELLS;4030.0;4
198700;Vinnie;Remy;ROSES;SEASHELLS;14381.0;3
198700;Vinnie;Vladimir;CHOCOLATE;SEASHELLS;7858.0;8
199100;Remy;Vinnie;STRAWBERRIES;SEASHELLS;4030.0;8
200000;Vinnie;Remy;ROSES;SEASHELLS;14369.0;5
200200;Vinnie;Vladimir;STRAWBERRIES;SEASHELLS;4029.0;5
200600;Vinnie;Vladimir;STRAWBERRIES;SEASHELLS;4029.0;12
200900;Vinnie;Remy;ROSES;SEASHELLS;14358.0;2
201300;Remy;Vinnie;STRAWBERRIES;SEASHELLS;4030.0;5
202000;Vinnie;Remy;STRAWBERRIES;SEASHELLS;4030.0;5
202000;Remy;Vinnie;CHOCOLATE;SEASHELLS;7860.0;5
202000;Vinnie;Rhianna;GIFT_BASKET;SEASHELLS;70317.0;1
202000;Vladimir;Rhianna;GIFT_BASKET;SEASHELLS;70316.0;5
202400;Remy;Vinnie;ROSES;SEASHELLS;14369.0;4
202900;Remy;Vinnie;STRAWBERRIES;SEASHELLS;4032.0;9
203100;Vinnie;Remy;ROSES;SEASHELLS;14367.0;1
203300;Vinnie;Remy;CHOCOLATE;SEASHELLS;7860.0;5
203500;Vinnie;Remy;CHOCOLATE;SEASHELLS;7860.0;6
203600;Vladimir;Rhianna;GIFT_BASKET;SEASHELLS;70320.0;2
203600;Vinnie;Rhianna;GIFT_BASKET;SEASHELLS;70321.0;2
203800;Remy;Vinnie;CHOCOLATE;SEASHELLS;7859.0;6
204400;Remy;Vinnie;STRAWBERRIES;SEASHELLS;4033.0;8
204600;Vinnie;Vladimir;CHOCOLATE;SEASHELLS;7861.0;8
204700;Vinnie;Remy;ROSES;SEASHELLS;14365.0;3
205300;Vinnie;Remy;ROSES;SEASHELLS;14362.0;5
205900;Vinnie;Remy;ROSES;SEASHELLS;14357.0;5
206000;Vinnie;Remy;CHOCOLATE;SEASHELLS;7852.0;8
206000;Vinnie;Remy;ROSES;SEASHELLS;14360.0;1
206100;Vinnie;Remy;STRAWBERRIES;SEASHELLS;4033.0;4
206200;Vinnie;Remy;CHOCOLATE;SEASHELLS;7850.0;7
207200;Rhianna;Vinnie;GIFT_BASKET;SEASHELLS;70286.0;1
207200;Vinnie;Vladimir;CHOCOLATE;SEASHELLS;7850.0;10
207200;Vinnie;Vladimir;STRAWBERRIES;SEASHELLS;4035.0;3
207300;Vinnie;Remy;CHOCOLATE;SEASHELLS;7850.0;6
207400;Vinnie;Vladimir;ROSES;SEASHELLS;14367.0;9
207600;Remy;Vinnie;ROSES;SEASHELLS;14371.0;3
208500;Remy;Vinnie;STRAWBERRIES;SEASHELLS;4038.0;6
208800;Remy;Vinnie;CHOCOLATE;SEASHELLS;7851.0;5
209200;Remy;Vinnie;CHOCOLATE;SEASHELLS;7853.0;8
209200;Ruby;Vinnie;GIFT_BASKET;SEASHELLS;70349.0;2
209500;Vinnie;Remy;ROSES;SEASHELLS;14387.0;3
209500;Vinnie;Remy;STRAWBERRIES;SEASHELLS;4033.0;7
209700;Remy;Vinnie;STRAWBERRIES;SEASHELLS;4035.0;5
209800;Remy;Vinnie;ROSES;SEASHELLS;14394.0;2
209800;Remy;Vinnie;CHOCOLATE;SEASHELLS;7853.0;6
210000;Vinnie;Ruby;GIFT_BASKET;SEASHELLS;70340.0;1
210100;Vinnie;Vladimir;CHOCOLATE;SEASHELLS;7852.0;5
210200;Vinnie;Remy;CHOCOLATE;SEASHELLS;7851.0;5
211000;Remy;Vinnie;CHOCOLATE;SEASHELLS;7852.0;5
211100;Vinnie;Vladimir;STRAWBERRIES;SEASHELLS;4034.0;6
211300;Vinnie;Remy;ROSES;SEASHELLS;14397.0;5
211800;Ruby;Vladimir;GIFT_BASKET;SEASHELLS;70381.0;6
211800;Vinnie;Vladimir;STRAWBERRIES;SEASHELLS;4036.0;5
212200;Remy;Vinnie;CHOCOLATE;SEASHELLS;7846.0;7
212700;Vladimir;Rhianna;GIFT_BASKET;SEASHELLS;70377.0;2
212700;Vinnie;Rhianna;GIFT_BASKET;SEASHELLS;70377.0;1
213200;Vinnie;Vladimir;CHOCOLATE;SEASHELLS;7842.0;8
213300;Remy;Vinnie;ROSES;SEASHELLS;14386.0;1
213400;Vladimir;Ruby;GIFT_BASKET;SEASHELLS;70358.0;5
213400;Remy;Vinnie;STRAWBERRIES;SEASHELLS;4039.0;5
214300;Remy;Vinnie;ROSES;SEASHELLS;14395.0;5
214800;Vinnie;Remy;STRAWBERRIES;SEASHELLS;4036.0;7
215100;Vinnie;Remy;ROSES;SEASHELLS;14393.0;5
215100;Vinnie;Vladimir;STRAWBERRIES;SEASHELLS;4037.0;5
215300;Remy;Vinnie;STRAWBERRIES;SEASHELLS;4039.0;8
215300;Vinnie;Ruby;GIFT_BASKET;SEASHELLS;70381.0;2
215700;Rhianna;Vinnie;GIFT_BASKET;SEASHELLS;70388.0;1
216100;Vinnie;Remy;CHOCOLATE;SEASHELLS;7837.0;6
216700;Vladimir;Remy;STRAWBERRIES;SEASHELLS;4036.0;8
217000;Vinnie;Remy;CHOCOLATE;SEASHELLS;7836.0;5
217500;Vinnie;Remy;ROSES;SEASHELLS;14404.0;1
217800;Remy;Vinnie;ROSES;SEASHELLS;14399.0;3
217900;Ruby;Vinnie;GIFT_BASKET;SEASHELLS;70354.0;1
217900;Vinnie;Remy;ROSES;SEASHELLS;14401.0;2
218000;Remy;Vinnie;ROSES;SEASHELLS;14408.0;4
218900;Vinnie;Remy;STRAWBERRIES;SEASHELLS;4033.0;8
218900;Remy;Vinnie;ROSES;SEASHELLS;14402.0;3
219000;Vinnie;Remy;CHOCOLATE;SEASHELLS;7835.0;7
219100;Remy;Vinnie;CHOCOLATE;SEASHELLS;7836.0;7
219100;Vinnie;Vladimir;STRAWBERRIES;SEASHELLS;4034.0;4
219200;Vinnie;Ruby;GIFT_BASKET;SEASHELLS;70381.0;2
219200;Vinnie;Remy;CHOCOLATE;SEASHELLS;7832.0;7
219500;Remy;Vinnie;ROSES;SEASHELLS;14400.0;3
219600;Vinnie;Remy;CHOCOLATE;SEASHELLS;7831.0;7
219900;Remy;Vinnie;CHOCOLATE;SEASHELLS;7831.0;7
220200;Vinnie;Remy;CHOCOLATE;SEASHELLS;7829.0;7
220200;Remy;Vinnie;STRAWBERRIES;SEASHELLS;4034.0;5
220900;Vinnie;Remy;CHOCOLATE;SEASHELLS;7828.0;7
221000;Vinnie;Ruby;GIFT_BASKET;SEASHELLS;70424.0;2
221300;Remy;Vinnie;ROSES;SEASHELLS;14403.0;4
221400;Vinnie;Remy;CHOCOLATE;SEASHELLS;7828.0;7
221600;Remy;Vinnie;ROSES;SEASHELLS;14406.0;5
222000;Vinnie;Vladimir;CHOCOLATE;SEASHELLS;7826.0;9
222400;Remy;Vinnie;CHOCOLATE;SEASHELLS;7825.0;7
222400;Vinnie;Vladimir;STRAWBERRIES;SEASHELLS;4031.0;6
222800;Rhianna;Vladimir;GIFT_BASKET;SEASHELLS;70406.0;2
222800;Rhianna;Vinnie;GIFT_BASKET;SEASHELLS;70406.0;2
223100;Vinnie;Remy;STRAWBERRIES;SEASHELLS;4031.0;5
223400;Vinnie;Remy;STRAWBERRIES;SEASHELLS;4030.0;7
223600;Remy;Vinnie;ROSES;SEASHELLS;14407.0;5
223600;Rhianna;Vinnie;GIFT_BASKET;SEASHELLS;70376.0;2
223600;Vinnie;Remy;CHOCOLATE;SEASHELLS;7819.0;8
223600;Rhianna;Vladimir;GIFT_BASKET;SEASHELLS;70376.0;3
223700;Rhianna;Vladimir;GIFT_BASKET;SEASHELLS;70367.0;6
223900;Remy;Vinnie;STRAWBERRIES;SEASHELLS;4032.0;10
224700;Remy;Vinnie;CHOCOLATE;SEASHELLS;7823.0;7
225000;Vinnie;Vladimir;ROSES;SEASHELLS;14419.0;10
225200;Remy;Vinnie;CHOCOLATE;SEASHELLS;7825.0;8
226000;Vinnie;Vladimir;STRAWBERRIES;SEASHELLS;4027.0;7
226300;Vinnie;Remy;STRAWBERRIES;SEASHELLS;4028.0;9
226300;Rhianna;Vladimir;GIFT_BASKET;SEASHELLS;70294.0;4
226400;Vinnie;Remy;CHOCOLATE;SEASHELLS;7823.0;6
226700;Vinnie;Vladimir;STRAWBERRIES;SEASHELLS;4029.0;3
226900;Vinnie;Remy;ROSES;SEASHELLS;14399.0;2
227100;Remy;Vinnie;CHOCOLATE;SEASHELLS;7822.0;5
227700;Remy;Vinnie;CHOCOLATE;SEASHELLS;7820.0;5
228300;Vinnie;Vladimir;STRAWBERRIES;SEASHELLS;4029.0;5
228400;Remy;Vinnie;ROSES;SEASHELLS;14408.0;4
228600;Vinnie;Ruby;GIFT_BASKET;SEASHELLS;70260.0;1
229000;Remy;Vinnie;ROSES;SEASHELLS;14412.0;5
229500;Remy;Vinnie;ROSES;SEASHELLS;14412.0;1
230300;Vinnie;Remy;ROSES;SEASHELLS;14422.0;5
231100;Remy;Vinnie;ROSES;SEASHELLS;14430.0;4
231200;Remy;Vinnie;STRAWBERRIES;SEASHELLS;4030.0;9
231500;Vinnie;Remy;CHOCOLATE;SEASHELLS;7829.0;7
231800;Remy;Vinnie;ROSES;SEASHELLS;14426.0;4
231800;Remy;Vinnie;CHOCOLATE;SEASHELLS;7829.0;5
232100;Vinnie;Remy;CHOCOLATE;SEASHELLS;7825.0;6
232100;Remy;Vinnie;ROSES;SEASHELLS;14423.0;3
232200;Vinnie;Vladimir;CHOCOLATE;SEASHELLS;7826.0;4
232300;Remy;Vinnie;STRAWBERRIES;SEASHELLS;4030.0;4
232500;Vinnie;Ruby;GIFT_BASKET;SEASHELLS;70249.0;6
232500;Remy;Vinnie;STRAWBERRIES;SEASHELLS;4030.0;4
232700;Vinnie;Remy;STRAWBERRIES;SEASHELLS;4030.0;5
232900;Ruby;Vladimir;GIFT_BASKET;SEASHELLS;70267.0;10
234300;Remy;Vinnie;CHOCOLATE;SEASHELLS;7822.0;7
234600;Vladimir;Ruby;GIFT_BASKET;SEASHELLS;70209.0;8
234600;Vinnie;Remy;ROSES;SEASHELLS;14398.0;2
234800;Vinnie;Vladimir;STRAWBERRIES;SEASHELLS;4030.0;3
234900;Remy;Vinnie;STRAWBERRIES;SEASHELLS;4032.0;4
235100;Vinnie;Vladimir;STRAWBERRIES;SEASHELLS;4031.0;10
235600;Remy;Vinnie;STRAWBERRIES;SEASHELLS;4032.0;4
236600;Remy;Vinnie;STRAWBERRIES;SEASHELLS;4030.0;8
236900;Vinnie;Vladimir;STRAWBERRIES;SEASHELLS;4030.0;11
237000;Vinnie;Vladimir;STRAWBERRIES;SEASHELLS;4030.0;9
237200;Remy;Vinnie;ROSES;SEASHELLS;14375.0;4
237300;Remy;Vinnie;ROSES;SEASHELLS;14374.0;4
237400;Vinnie;Remy;CHOCOLATE;SEASHELLS;7814.0;7
237900;Remy;Vinnie;ROSES;SEASHELLS;14376.0;2
238000;Vinnie;Remy;ROSES;SEASHELLS;14377.0;1
238300;Vinnie;Vladimir;STRAWBERRIES;SEASHELLS;4029.0;3
238400;Remy;Vinnie;ROSES;SEASHELLS;14371.0;1
238600;Vinnie;Vladimir;ROSES;SEASHELLS;14379.0;3
238700;Remy;Vinnie;STRAWBERRIES;SEASHELLS;4030.0;4
238800;Vinnie;Vladimir;CHOCOLATE;SEASHELLS;7815.0;7
240200;Vinnie;Vladimir;ROSES;SEASHELLS;14384.0;5
240300;Remy;Vinnie;CHOCOLATE;SEASHELLS;7818.0;6
240600;Vinnie;Ruby;GIFT_BASKET;SEASHELLS;70234.0;2
240700;Remy;Vinnie;ROSES;SEASHELLS;14384.0;5
241000;Remy;Vladimir;STRAWBERRIES;SEASHELLS;4028.0;10
241100;Vinnie;Remy;ROSES;SEASHELLS;14368.0;5
241900;Vinnie;Remy;STRAWBERRIES;SEASHELLS;4028.0;4
242000;Vinnie;Remy;ROSES;SEASHELLS;14374.0;5
242500;Vinnie;Vladimir;STRAWBERRIES;SEASHELLS;4028.0;10
242500;Remy;Vinnie;CHOCOLATE;SEASHELLS;7817.0;8
242600;Remy;Vinnie;ROSES;SEASHELLS;14386.0;2
242700;Remy;Vinnie;STRAWBERRIES;SEASHELLS;4030.0;5
243000;Remy;Vinnie;STRAWBERRIES;SEASHELLS;4030.0;5
243100;Remy;Vinnie;STRAWBERRIES;SEASHELLS;4030.0;4
243200;Vinnie;Ruby;GIFT_BASKET;SEASHELLS;70247.0;2
243300;Remy;Vinnie;CHOCOLATE;SEASHELLS;7816.0;5
243500;Vinnie;Vladimir;STRAWBERRIES;SEASHELLS;4028.0;5
244000;Remy;Vinnie;STRAWBERRIES;SEASHELLS;4029.0;10
244000;Remy;Vinnie;CHOCOLATE;SEASHELLS;7813.0;6
244200;Vinnie;Vladimir;STRAWBERRIES;SEASHELLS;4029.0;5
244300;Vinnie;Remy;CHOCOLATE;SEASHELLS;7813.0;8
244400;Vinnie;Vladimir;CHOCOLATE;SEASHELLS;7813.0;8
244600;Vinnie;Vladimir;STRAWBERRIES;SEASHELLS;4028.0;3
245200;Rhianna;Vinnie;GIFT_BASKET;SEASHELLS;70284.0;2
245200;Vinnie;Vladimir;STRAWBERRIES;SEASHELLS;4029.0;8
245200;Rhianna;Vladimir;GIFT_BASKET;SEASHELLS;70284.0;2
245300;Vladimir;Vinnie;GIFT_BASKET;SEASHELLS;70263.0;1
245300;Remy;Vinnie;STRAWBERRIES;SEASHELLS;4030.0;10
245700;Remy;Vinnie;STRAWBERRIES;SEASHELLS;4030.0;9
245700;Vinnie;Remy;CHOCOLATE;SEASHELLS;7812.0;8
246100;Vinnie;Vladimir;ROSES;SEASHELLS;14396.0;8
246300;Vinnie;Vladimir;ROSES;SEASHELLS;14394.0;8
246600;Vinnie;Remy;ROSES;SEASHELLS;14393.0;5
247100;Vinnie;Rhianna;GIFT_BASKET;SEASHELLS;70274.0;1
247200;Vinnie;Vladimir;STRAWBERRIES;SEASHELLS;4031.0;5
247400;Vinnie;Remy;STRAWBERRIES;SEASHELLS;4030.0;7
248800;Vinnie;Vladimir;STRAWBERRIES;SEASHELLS;4031.0;10
249000;Vladimir;Rhianna;GIFT_BASKET;SEASHELLS;70304.0;2
249300;Vinnie;Remy;CHOCOLATE;SEASHELLS;7810.0;5
249900;Vinnie;Remy;STRAWBERRIES;SEASHELLS;4029.0;5
249900;Ruby;Vladimir;GIFT_BASKET;SEASHELLS;70343.0;10
249900;Vinnie;Remy;CHOCOLATE;SEASHELLS;7812.0;7
250000;Vinnie;Vladimir;STRAWBERRIES;SEASHELLS;4029.0;4
250200;Remy;Vinnie;ROSES;SEASHELLS;14418.0;1
250500;Vinnie;Remy;STRAWBERRIES;SEASHELLS;4030.0;9
251000;Remy;Vinnie;CHOCOLATE;SEASHELLS;7816.0;5
251200;Vinnie;Vladimir;STRAWBERRIES;SEASHELLS;4029.0;11
251300;Vinnie;Vladimir;STRAWBERRIES;SEASHELLS;4029.0;5
251600;Vinnie;Remy;STRAWBERRIES;SEASHELLS;4028.0;4
251600;Vinnie;Vladimir;STRAWBERRIES;SEASHELLS;4028.0;11
252400;Vinnie;Vladimir;STRAWBERRIES;SEASHELLS;4027.0;3
252600;Remy;Vinnie;STRAWBERRIES;SEASHELLS;4029.0;4
253200;Ruby;Vinnie;GIFT_BASKET;SEASHELLS;70332.0;1
253300;Ruby;Vinnie;GIFT_BASKET;SEASHELLS;70338.0;2
253800;Remy;Vinnie;ROSES;SEASHELLS;14412.0;2
254300;Vinnie;Remy;STRAWBERRIES;SEASHELLS;4028.0;6
254700;Vinnie;Remy;CHOCOLATE;SEASHELLS;7816.0;6
255000;Remy;Vinnie;CHOCOLATE;SEASHELLS;7815.0;5
255500;Vinnie;Remy;CHOCOLATE;SEASHELLS;7809.0;6
257400;Vinnie;Vladimir;STRAWBERRIES;SEASHELLS;4028.0;10
257700;Ruby;Vinnie;GIFT_BASKET;SEASHELLS;70235.0;2
257700;Vinnie;Vladimir;STRAWBERRIES;SEASHELLS;4027.0;4
257900;Vinnie;Remy;CHOCOLATE;SEASHELLS;7806.0;8
258000;Vladimir;Vinnie;GIFT_BASKET;SEASHELLS;70225.0;1
258500;Remy;Vinnie;ROSES;SEASHELLS;14402.0;3
258600;Vinnie;Remy;ROSES;SEASHELLS;14402.0;2
259200;Vinnie;Rhianna;GIFT_BASKET;SEASHELLS;70209.0;1
259200;Vladimir;Rhianna;GIFT_BASKET;SEASHELLS;70209.0;7
259400;Vinnie;Vladimir;STRAWBERRIES;SEASHELLS;4026.0;10
259500;Rhianna;Ruby;GIFT_BASKET;SEASHELLS;70206.0;3
259500;Rhianna;Vinnie;GIFT_BASKET;SEASHELLS;70206.0;2
259900;Remy;Vinnie;CHOCOLATE;SEASHELLS;7803.0;6
260100;Remy;Vinnie;CHOCOLATE;SEASHELLS;7803.0;5
260500;Remy;Vinnie;ROSES;SEASHELLS;14396.0;2
260800;Vinnie;Ruby;GIFT_BASKET;SEASHELLS;70183.0;2
261300;Vinnie;Vladimir;STRAWBERRIES;SEASHELLS;4026.0;12
261400;Vinnie;Vladimir;STRAWBERRIES;SEASHELLS;4026.0;8
262000;Remy;Vinnie;CHOCOLATE;SEASHELLS;7806.0;6
262000;Vinnie;Remy;ROSES;SEASHELLS;14400.0;2
262100;Vinnie;Remy;ROSES;SEASHELLS;14402.0;2
262200;Vinnie;Remy;STRAWBERRIES;SEASHELLS;4026.0;6
262300;Remy;Vinnie;CHOCOLATE;SEASHELLS;7804.0;6
262300;Vinnie;Vladimir;STRAWBERRIES;SEASHELLS;4026.0;11
262500;Ruby;Vinnie;GIFT_BASKET;SEASHELLS;70198.0;1
262700;Remy;Vinnie;STRAWBERRIES;SEASHELLS;4028.0;6
263000;Vinnie;Remy;STRAWBERRIES;SEASHELLS;4026.0;9
263000;Vinnie;Remy;CHOCOLATE;SEASHELLS;7802.0;8
263500;Vinnie;Remy;CHOCOLATE;SEASHELLS;7799.0;5
263600;Rhianna;Vinnie;GIFT_BASKET;SEASHELLS;70154.0;2
263600;Rhianna;Vladimir;GIFT_BASKET;SEASHELLS;70154.0;5
264100;Vladimir;Ruby;GIFT_BASKET;SEASHELLS;70116.0;10
264900;Vinnie;Remy;STRAWBERRIES;SEASHELLS;4028.0;6
265800;Remy;Vinnie;ROSES;SEASHELLS;14369.0;5
266000;Vinnie;Vladimir;STRAWBERRIES;SEASHELLS;4027.0;9
266300;Vinnie;Remy;ROSES;SEASHELLS;14361.0;4
266400;Vinnie;Remy;CHOCOLATE;SEASHELLS;7799.0;6
266500;Vinnie;Remy;ROSES;SEASHELLS;14357.0;1
266900;Vinnie;Remy;ROSES;SEASHELLS;14358.0;5
267300;Remy;Vinnie;STRAWBERRIES;SEASHELLS;4027.0;9
267400;Remy;Vinnie;CHOCOLATE;SEASHELLS;7795.0;8
267900;Remy;Vinnie;ROSES;SEASHELLS;14344.0;4
268200;Remy;Vinnie;CHOCOLATE;SEASHELLS;7799.0;8
268300;Vinnie;Vladimir;STRAWBERRIES;SEASHELLS;4024.0;9
268600;Vinnie;Remy;STRAWBERRIES;SEASHELLS;4023.0;5
269100;Vinnie;Vladimir;STRAWBERRIES;SEASHELLS;4023.0;6
269200;Remy;Vinnie;ROSES;SEASHELLS;14330.0;5
269400;Vinnie;Vladimir;STRAWBERRIES;SEASHELLS;4022.0;8
269500;Remy;Vinnie;STRAWBERRIES;SEASHELLS;4023.0;10
269700;Vinnie;Vladimir;ROSES;SEASHELLS;14334.0;6
270100;Vinnie;Remy;STRAWBERRIES;SEASHELLS;4022.0;7
270300;Vinnie;Vladimir;STRAWBERRIES;SEASHELLS;4021.0;4
270300;Remy;Vinnie;STRAWBERRIES;SEASHELLS;4022.0;8
270400;Remy;Vinnie;CHOCOLATE;SEASHELLS;7799.0;5
270700;Remy;Vinnie;STRAWBERRIES;SEASHELLS;4022.0;5
270700;Vinnie;Vladimir;STRAWBERRIES;SEASHELLS;4021.0;6
270900;Remy;Vinnie;CHOCOLATE;SEASHELLS;7799.0;8
271000;Remy;Vinnie;STRAWBERRIES;SEASHELLS;4022.0;7
271600;Remy;Vinnie;STRAWBERRIES;SEASHELLS;4022.0;7
271700;Remy;Vinnie;CHOCOLATE;SEASHELLS;7798.0;7
272500;Remy;Vinnie;ROSES;SEASHELLS;14353.0;5
272800;Remy;Vinnie;CHOCOLATE;SEASHELLS;7802.0;6
273100;Remy;Vinnie;STRAWBERRIES;SEASHELLS;4024.0;4
273200;Vinnie;Ruby;GIFT_BASKET;SEASHELLS;70088.0;2
273400;Remy;Vinnie;STRAWBERRIES;SEASHELLS;4025.0;7
273800;Vladimir;Rhianna;GIFT_BASKET;SEASHELLS;70091.0;4
273800;Vinnie;Rhianna;GIFT_BASKET;SEASHELLS;70092.0;1
274000;Vladimir;Rhianna;GIFT_BASKET;SEASHELLS;70072.0;2
274500;Vinnie;Remy;ROSES;SEASHELLS;14350.0;4
274800;Remy;Vinnie;STRAWBERRIES;SEASHELLS;4024.0;6
274800;Vinnie;Remy;ROSES;SEASHELLS;14335.0;3
275000;Vinnie;Vladimir;ROSES;SEASHELLS;14329.0;8
275400;Vladimir;Rhianna;GIFT_BASKET;SEASHELLS;70085.0;8
275500;Vinnie;Remy;ROSES;SEASHELLS;14340.0;1
275600;Vinnie;Remy;ROSES;SEASHELLS;14339.0;2
275800;Vinnie;Vladimir;CHOCOLATE;SEASHELLS;7808.0;8
276000;Remy;Vinnie;CHOCOLATE;SEASHELLS;7809.0;7
276200;Vinnie;Vladimir;CHOCOLATE;SEASHELLS;7808.0;4
276300;Vladimir;Rhianna;GIFT_BASKET;SEASHELLS;70101.0;4
276400;Vinnie;Rhianna;GIFT_BASKET;SEASHELLS;70100.0;1
276400;Vladimir;Rhianna;GIFT_BASKET;SEASHELLS;70099.0;1
276400;Remy;Vinnie;ROSES;SEASHELLS;14348.0;2
276700;Remy;Vinnie;CHOCOLATE;SEASHELLS;7807.0;6
277100;Vinnie;Vladimir;STRAWBERRIES;SEASHELLS;4024.0;11
277500;Ruby;Vinnie;GIFT_BASKET;SEASHELLS;70112.0;1
277500;Vinnie;Vladimir;CHOCOLATE;SEASHELLS;7807.0;5
277600;Vinnie;Vladimir;ROSES;SEASHELLS;14346.0;10
278200;Vinnie;Vladimir;CHOCOLATE;SEASHELLS;7808.0;6
278500;Remy;Vinnie;ROSES;SEASHELLS;14341.0;3
278800;Vinnie;Remy;ROSES;SEASHELLS;14340.0;5
279300;Remy;Vinnie;ROSES;SEASHELLS;14340.0;3
279300;Vinnie;Vladimir;ROSES;SEASHELLS;14339.0;4
280700;Remy;Vinnie;STRAWBERRIES;SEASHELLS;4022.0;6
281800;Remy;Vinnie;ROSES;SEASHELLS;14336.0;2
282300;Remy;Vinnie;CHOCOLATE;SEASHELLS;7796.0;6
282300;Remy;Vinnie;STRAWBERRIES;SEASHELLS;4023.0;4
282600;Remy;Vinnie;STRAWBERRIES;SEASHELLS;4023.0;6
282900;Remy;Vinnie;ROSES;SEASHELLS;14337.0;2
283100;Vinnie;Remy;ROSES;SEASHELLS;14340.0;4
283200;Remy;Vinnie;ROSES;SEASHELLS;14341.0;5
283300;Rhianna;Vinnie;GIFT_BASKET;SEASHELLS;70008.0;1
283500;Vinnie;Remy;STRAWBERRIES;SEASHELLS;4021.0;6
283900;Vinnie;Remy;STRAWBERRIES;SEASHELLS;4022.0;6
284000;Vinnie;Remy;ROSES;SEASHELLS;14341.0;3
284400;Vinnie;Remy;STRAWBERRIES;SEASHELLS;4022.0;10
284800;Vinnie;Remy;ROSES;SEASHELLS;14334.0;3
285200;Remy;Vinnie;STRAWBERRIES;SEASHELLS;4024.0;5
285400;Vinnie;Vladimir;ROSES;SEASHELLS;14330.0;8
285400;Vinnie;Remy;ROSES;SEASHELLS;14330.0;4
285500;Vinnie;Vladimir;STRAWBERRIES;SEASHELLS;4022.0;3
285600;Vinnie;Remy;STRAWBERRIES;SEASHELLS;4022.0;8
286500;Vinnie;Remy;CHOCOLATE;SEASHELLS;7781.0;6
286600;Vinnie;Vladimir;ROSES;SEASHELLS;14322.0;9
286600;Rhianna;Vinnie;GIFT_BASKET;SEASHELLS;69957.0;1
286700;Vinnie;Remy;ROSES;SEASHELLS;14325.0;4
286900;Vinnie;Remy;ROSES;SEASHELLS;14325.0;2
287100;Remy;Vinnie;ROSES;SEASHELLS;14324.0;2
287100;Vinnie;Remy;STRAWBERRIES;SEASHELLS;4020.0;8
287100;Vinnie;Vladimir;STRAWBERRIES;SEASHELLS;4020.0;7
287800;Vinnie;Vladimir;ROSES;SEASHELLS;14327.0;11
288600;Remy;Vinnie;ROSES;SEASHELLS;14328.0;5
288800;Remy;Vinnie;STRAWBERRIES;SEASHELLS;4021.0;9
289100;Vinnie;Rhianna;GIFT_BASKET;SEASHELLS;69998.0;1
289100;Vladimir;Rhianna;GIFT_BASKET;SEASHELLS;69997.0;5
289200;Ruby;Vinnie;GIFT_BASKET;SEASHELLS;70011.0;2
289300;Vinnie;Remy;CHOCOLATE;SEASHELLS;7790.0;8
289500;Vinnie;Remy;CHOCOLATE;SEASHELLS;7792.0;5
289900;Rhianna;Vladimir;GIFT_BASKET;SEASHELLS;70006.0;4
289900;Rhianna;Vinnie;GIFT_BASKET;SEASHELLS;70006.0;1
290300;Vinnie;Remy;ROSES;SEASHELLS;14322.0;3
291200;Remy;Vinnie;ROSES;SEASHELLS;14322.0;1
291300;Vinnie;Remy;STRAWBERRIES;SEASHELLS;4022.0;8
291500;Ruby;Vinnie;GIFT_BASKET;SEASHELLS;69983.0;3
291600;Vinnie;Remy;CHOCOLATE;SEASHELLS;7784.0;6
292000;Remy;Vinnie;ROSES;SEASHELLS;14336.0;5
292100;Vinnie;Vladimir;STRAWBERRIES;SEASHELLS;4020.0;7
292300;Remy;Vinnie;CHOCOLATE;SEASHELLS;7784.0;8
292400;Remy;Vinnie;STRAWBERRIES;SEASHELLS;4022.0;9
292700;Vinnie;Vladimir;CHOCOLATE;SEASHELLS;7786.0;9
294000;Remy;Vinnie;STRAWBERRIES;SEASHELLS;4022.0;8
294200;Remy;Vinnie;CHOCOLATE;SEASHELLS;7782.0;5
294600;Vinnie;Remy;STRAWBERRIES;SEASHELLS;4021.0;5
295000;Vinnie;Remy;STRAWBERRIES;SEASHELLS;4021.0;7
295400;Vinnie;Remy;ROSES;SEASHELLS;14300.0;3
295700;Remy;Vinnie;STRAWBERRIES;SEASHELLS;4022.0;4
295800;Vinnie;Vladimir;STRAWBERRIES;SEASHELLS;4021.0;3
295900;Remy;Vinnie;ROSES;SEASHELLS;14298.0;2
296400;Remy;Vinnie;ROSES;SEASHELLS;14287.0;5
296400;Rhianna;Vinnie;GIFT_BASKET;SEASHELLS;69885.0;1
296400;Rhianna;Vladimir;GIFT_BASKET;SEASHELLS;69885.0;3
296400;Rhianna;Vinnie;GIFT_BASKET;SEASHELLS;69879.0;4
297100;Remy;Vinnie;CHOCOLATE;SEASHELLS;7776.0;8
297300;Vinnie;Vladimir;STRAWBERRIES;SEASHELLS;4021.0;4
297400;Vinnie;Rhianna;GIFT_BASKET;SEASHELLS;69822.0;1
297400;Vladimir;Rhianna;GIFT_BASKET;SEASHELLS;69821.0;1
297800;Remy;Vinnie;STRAWBERRIES;SEASHELLS;4023.0;7
297800;Vinnie;Remy;ROSES;SEASHELLS;14282.0;2
298400;Vinnie;Remy;STRAWBERRIES;SEASHELLS;4023.0;7
298500;Vinnie;Remy;CHOCOLATE;SEASHELLS;7777.0;6
298800;Vinnie;Remy;ROSES;SEASHELLS;14284.0;4
298900;Rhianna;Vinnie;GIFT_BASKET;SEASHELLS;69879.0;2
298900;Rhianna;Vladimir;GIFT_BASKET;SEASHELLS;69879.0;5
299500;Ruby;Vinnie;GIFT_BASKET;SEASHELLS;69890.0;1
300400;Remy;Vinnie;ROSES;SEASHELLS;14278.0;2
301000;Vinnie;Vladimir;STRAWBERRIES;SEASHELLS;4024.0;6
301000;Vinnie;Vladimir;ROSES;SEASHELLS;14273.0;10
301100;Vinnie;Remy;CHOCOLATE;SEASHELLS;7775.0;8
301100;Vinnie;Remy;ROSES;SEASHELLS;14274.0;5
301300;Vinnie;Vladimir;CHOCOLATE;SEASHELLS;7773.0;6
301400;Remy;Vinnie;STRAWBERRIES;SEASHELLS;4026.0;9
301600;Remy;Vinnie;CHOCOLATE;SEASHELLS;7773.0;5
301700;Vinnie;Vladimir;CHOCOLATE;SEASHELLS;7771.0;6
301800;Vinnie;Remy;ROSES;SEASHELLS;14261.0;1
302200;Vinnie;Vladimir;CHOCOLATE;SEASHELLS;7771.0;10
302600;Ruby;Vinnie;GIFT_BASKET;SEASHELLS;69821.0;2
302700;Vinnie;Remy;CHOCOLATE;SEASHELLS;7771.0;8
302800;Rhianna;Vinnie;GIFT_BASKET;SEASHELLS;69821.0;2
302800;Vinnie;Vladimir;STRAWBERRIES;SEASHELLS;4023.0;7
302800;Rhianna;Vladimir;GIFT_BASKET;SEASHELLS;69821.0;3
303400;Vinnie;Remy;ROSES;SEASHELLS;14253.0;1
303600;Vinnie;Vladimir;CHOCOLATE;SEASHELLS;7775.0;8
303600;Vinnie;Vladimir;STRAWBERRIES;SEASHELLS;4022.0;5
303700;Vinnie;Remy;ROSES;SEASHELLS;14246.0;2
304300;Remy;Vinnie;CHOCOLATE;SEASHELLS;7776.0;5
304400;Vinnie;Remy;STRAWBERRIES;SEASHELLS;4023.0;4
304900;Remy;Vinnie;CHOCOLATE;SEASHELLS;7780.0;7
305000;Remy;Vinnie;CHOCOLATE;SEASHELLS;7781.0;8
305200;Remy;Vinnie;ROSES;SEASHELLS;14249.0;5
305900;Remy;Vinnie;STRAWBERRIES;SEASHELLS;4026.0;10
306000;Vinnie;Remy;ROSES;SEASHELLS;14253.0;5
306200;Vinnie;Remy;CHOCOLATE;SEASHELLS;7778.0;6
306700;Remy;Vinnie;CHOCOLATE;SEASHELLS;7779.0;6
306900;Vinnie;Remy;CHOCOLATE;SEASHELLS;7779.0;5
306900;Vinnie;Vladimir;STRAWBERRIES;SEASHELLS;4025.0;10
307100;Remy;Vinnie;STRAWBERRIES;SEASHELLS;4026.0;6
307300;Vinnie;Vladimir;ROSES;SEASHELLS;14263.0;6
307400;Remy;Vinnie;ROSES;SEASHELLS;14267.0;2
307600;Remy;Vinnie;ROSES;SEASHELLS;14265.0;1
308000;Remy;Vinnie;CHOCOLATE;SEASHELLS;7780.0;7
308400;Vinnie;Remy;STRAWBERRIES;SEASHELLS;4024.0;8
308500;Vinnie;Remy;CHOCOLATE;SEASHELLS;7775.0;6
308800;Remy;Vinnie;CHOCOLATE;SEASHELLS;7776.0;5
308800;Rhianna;Vladimir;GIFT_BASKET;SEASHELLS;69849.0;2
308800;Vinnie;Remy;STRAWBERRIES;SEASHELLS;4024.0;4
309100;Remy;Vinnie;ROSES;SEASHELLS;14258.0;2
309100;Vinnie;Vladimir;ROSES;SEASHELLS;14257.0;4
309200;Vinnie;Remy;CHOCOLATE;SEASHELLS;7773.0;5
309500;Remy;Vinnie;CHOCOLATE;SEASHELLS;7775.0;7
310300;Vinnie;Rhianna;GIFT_BASKET;SEASHELLS;69809.0;8
310400;Remy;Vinnie;ROSES;SEASHELLS;14263.0;1
310500;Vinnie;Remy;ROSES;SEASHELLS;14262.0;1
310800;Vinnie;Remy;STRAWBERRIES;SEASHELLS;4024.0;9
311500;Remy;Vinnie;ROSES;SEASHELLS;14259.0;3
311900;Remy;Vinnie;ROSES;SEASHELLS;14260.0;4
312000;Vinnie;Remy;CHOCOLATE;SEASHELLS;7763.0;6
312400;Remy;Vinnie;STRAWBERRIES;SEASHELLS;4025.0;6
312700;Remy;Vinnie;CHOCOLATE;SEASHELLS;7760.0;5
313000;Remy;Vinnie;STRAWBERRIES;SEASHELLS;4026.0;8
313100;Vinnie;Remy;CHOCOLATE;SEASHELLS;7760.0;6
313200;Vinnie;Ruby;GIFT_BASKET;SEASHELLS;69768.0;2
313300;Remy;Vinnie;ROSES;SEASHELLS;14255.0;4
313300;Vinnie;Remy;CHOCOLATE;SEASHELLS;7762.0;8
313600;Vinnie;Ruby;GIFT_BASKET;SEASHELLS;69751.0;2
314300;Remy;Vinnie;ROSES;SEASHELLS;14251.0;1
314400;Vinnie;Remy;CHOCOLATE;SEASHELLS;7761.0;8
314600;Ruby;Vinnie;GIFT_BASKET;SEASHELLS;69745.0;2
315300;Vinnie;Remy;ROSES;SEASHELLS;14252.0;2
315500;Vinnie;Vladimir;STRAWBERRIES;SEASHELLS;4025.0;6
315600;Remy;Vinnie;ROSES;SEASHELLS;14255.0;1
315800;Vinnie;Remy;ROSES;SEASHELLS;14249.0;2
315800;Vinnie;Vladimir;STRAWBERRIES;SEASHELLS;4025.0;11
316300;Remy;Vinnie;ROSES;SEASHELLS;14263.0;1
316300;Vinnie;Remy;STRAWBERRIES;SEASHELLS;4025.0;7
316800;Vinnie;Remy;ROSES;SEASHELLS;14264.0;5
316900;Vinnie;Vladimir;STRAWBERRIES;SEASHELLS;4024.0;7
316900;Remy;Vinnie;CHOCOLATE;SEASHELLS;7758.0;8
317500;Rhianna;Vladimir;GIFT_BASKET;SEASHELLS;69751.0;5
317500;Rhianna;Vinnie;GIFT_BASKET;SEASHELLS;69751.0;2
317600;Remy;Vinnie;CHOCOLATE;SEASHELLS;7757.0;6
317900;Rhianna;Vladimir;GIFT_BASKET;SEASHELLS;69771.0;5
318000;Ruby;Vinnie;GIFT_BASKET;SEASHELLS;69781.0;2
318100;Vladimir;Ruby;GIFT_BASKET;SEASHELLS;69781.0;9
318200;Remy;Vinnie;ROSES;SEASHELLS;14265.0;3
318800;Remy;Vinnie;STRAWBERRIES;SEASHELLS;4028.0;6
319000;Vinnie;Remy;ROSES;SEASHELLS;14266.0;5
319000;Vinnie;Vladimir;CHOCOLATE;SEASHELLS;7755.0;7
319300;Remy;Vinnie;ROSES;SEASHELLS;14265.0;3
319800;Vinnie;Remy;ROSES;SEASHELLS;14252.0;3
319900;Vinnie;Vladimir;CHOCOLATE;SEASHELLS;7758.0;4
320200;Vinnie;Remy;CHOCOLATE;SEASHELLS;7755.0;7
320200;Remy;Vinnie;ROSES;SEASHELLS;14256.0;4
320500;Vinnie;Remy;STRAWBERRIES;SEASHELLS;4027.0;4
320600;Vinnie;Rhianna;GIFT_BASKET;SEASHELLS;69761.0;3
320600;Vinnie;Remy;CHOCOLATE;SEASHELLS;7756.0;8
320800;Vinnie;Ruby;GIFT_BASKET;SEASHELLS;69764.0;1
321000;Vinnie;Vladimir;STRAWBERRIES;SEASHELLS;4028.0;9
321200;Remy;Vinnie;ROSES;SEASHELLS;14255.0;3
321900;Remy;Vinnie;CHOCOLATE;SEASHELLS;7759.0;8
322000;Remy;Vinnie;STRAWBERRIES;SEASHELLS;4029.0;9
322100;Vinnie;Vladimir;ROSES;SEASHELLS;14258.0;3
322100;Vinnie;Vladimir;CHOCOLATE;SEASHELLS;7756.0;5
322300;Vinnie;Remy;STRAWBERRIES;SEASHELLS;4027.0;8
322400;Remy;Vinnie;CHOCOLATE;SEASHELLS;7761.0;8
322900;Remy;Vinnie;STRAWBERRIES;SEASHELLS;4026.0;6
323000;Vinnie;Remy;ROSES;SEASHELLS;14271.0;1
323400;Remy;Vinnie;STRAWBERRIES;SEASHELLS;4025.0;7
323500;Remy;Vinnie;ROSES;SEASHELLS;14279.0;3
323600;Ruby;Vladimir;GIFT_BASKET;SEASHELLS;69808.0;8
323800;Vinnie;Remy;ROSES;SEASHELLS;14272.0;2
323800;Remy;Vinnie;CHOCOLATE;SEASHELLS;7767.0;5
324000;Vinnie;Remy;STRAWBERRIES;SEASHELLS;4024.0;9
324100;Vinnie;Remy;CHOCOLATE;SEASHELLS;7765.0;5
324300;Vinnie;Remy;ROSES;SEASHELLS;14277.0;2
325200;Remy;Vinnie;ROSES;SEASHELLS;14287.0;4
325300;Remy;Vinnie;CHOCOLATE;SEASHELLS;7767.0;7
325400;Vladimir;Rhianna;GIFT_BASKET;SEASHELLS;69761.0;7
325400;Vinnie;Rhianna;GIFT_BASKET;SEASHELLS;69762.0;1
325700;Remy;Vinnie;CHOCOLATE;SEASHELLS;7769.0;8
326200;Remy;Vinnie;STRAWBERRIES;SEASHELLS;4024.0;10
326300;Remy;Vinnie;ROSES;SEASHELLS;14284.0;3
326500;Vinnie;Vladimir;ROSES;SEASHELLS;14282.0;10
327000;Vinnie;Vladimir;STRAWBERRIES;SEASHELLS;4021.0;10
327100;Vinnie;Vladimir;STRAWBERRIES;SEASHELLS;4021.0;12
327200;Remy;Vinnie;STRAWBERRIES;SEASHELLS;4022.0;8
327200;Vinnie;Vladimir;STRAWBERRIES;SEASHELLS;4020.0;9
327500;Vinnie;Remy;CHOCOLATE;SEASHELLS;7770.0;6
327600;Remy;Vinnie;CHOCOLATE;SEASHELLS;7771.0;6
327700;Vinnie;Remy;ROSES;SEASHELLS;14276.0;1
328000;Vinnie;Ruby;GIFT_BASKET;SEASHELLS;69827.0;1
328200;Remy;Vinnie;STRAWBERRIES;SEASHELLS;4023.0;7
328600;Remy;Vinnie;STRAWBERRIES;SEASHELLS;4022.0;8
328600;Vladimir;Vinnie;GIFT_BASKET;SEASHELLS;69795.0;1
328700;Remy;Vinnie;STRAWBERRIES;SEASHELLS;4022.0;8
328900;Remy;Vinnie;CHOCOLATE;SEASHELLS;7768.0;5
329200;Vinnie;Ruby;GIFT_BASKET;SEASHELLS;69760.0;2
329300;Vinnie;Ruby;GIFT_BASKET;SEASHELLS;69771.0;1
329500;Vinnie;Remy;CHOCOLATE;SEASHELLS;7766.0;5
329600;Vinnie;Remy;STRAWBERRIES;SEASHELLS;4023.0;10
329800;Vinnie;Rhianna;GIFT_BASKET;SEASHELLS;69786.0;1
330500;Vinnie;Vladimir;STRAWBERRIES;SEASHELLS;4024.0;7
330900;Vinnie;Vladimir;CHOCOLATE;SEASHELLS;7763.0;10
330900;Remy;Vinnie;STRAWBERRIES;SEASHELLS;4026.0;4
331000;Vladimir;Vinnie;GIFT_BASKET;SEASHELLS;69827.0;1
331500;Vladimir;Ruby;GIFT_BASKET;SEASHELLS;69843.0;8
331500;Remy;Vinnie;STRAWBERRIES;SEASHELLS;4026.0;8
331700;Vinnie;Vladimir;STRAWBERRIES;SEASHELLS;4024.0;6
332000;Vladimir;Ruby;GIFT_BASKET;SEASHELLS;69853.0;7
332200;Vinnie;Remy;STRAWBERRIES;SEASHELLS;4026.0;8
332300;Remy;Vinnie;CHOCOLATE;SEASHELLS;7767.0;8
333000;Remy;Vinnie;STRAWBERRIES;SEASHELLS;4029.0;7
333400;Vinnie;Remy;CHOCOLATE;SEASHELLS;7768.0;7
333500;Vinnie;Vladimir;STRAWBERRIES;SEASHELLS;4029.0;8
333600;Vinnie;Remy;ROSES;SEASHELLS;14258.0;2
333600;Remy;Vinnie;STRAWBERRIES;SEASHELLS;4031.0;6
333800;Vinnie;Vladimir;CHOCOLATE;SEASHELLS;7773.0;8
334000;Rhianna;Vladimir;GIFT_BASKET;SEASHELLS;69959.0;3
334200;Vinnie;Remy;STRAWBERRIES;SEASHELLS;4030.0;8
334300;Vladimir;Rhianna;GIFT_BASKET;SEASHELLS;69962.0;8
334700;Vinnie;Vladimir;STRAWBERRIES;SEASHELLS;4029.0;3
335100;Vinnie;Remy;ROSES;SEASHELLS;14262.0;4
335300;Remy;Vinnie;STRAWBERRIES;SEASHELLS;4031.0;5
335500;Vinnie;Remy;STRAWBERRIES;SEASHELLS;4030.0;9
335800;Remy;Vinnie;CHOCOLATE;SEASHELLS;7774.0;6
335900;Remy;Vinnie;ROSES;SEASHELLS;14263.0;2
336200;Vladimir;Rhianna;GIFT_BASKET;SEASHELLS;69971.0;2
336700;Ruby;Vinnie;GIFT_BASKET;SEASHELLS;69991.0;1
336700;Vinnie;Remy;CHOCOLATE;SEASHELLS;7772.0;6
336900;Vladimir;Rhianna;GIFT_BASKET;SEASHELLS;69989.0;6
336900;Vinnie;Rhianna;GIFT_BASKET;SEASHELLS;69990.0;2
337300;Vinnie;Vladimir;STRAWBERRIES;SEASHELLS;4028.0;7
337300;Remy;Vinnie;ROSES;SEASHELLS;14276.0;4
337800;Remy;Vinnie;CHOCOLATE;SEASHELLS;7773.0;5
337800;Remy;Vinnie;ROSES;SEASHELLS;14295.0;1
337900;Vinnie;Vladimir;ROSES;SEASHELLS;14295.0;11
338300;Vinnie;Remy;STRAWBERRIES;SEASHELLS;4026.0;7
338500;Vinnie;Remy;STRAWBERRIES;SEASHELLS;4026.0;4
338500;Remy;Vinnie;CHOCOLATE;SEASHELLS;7775.0;8
340100;Remy;Vinnie;ROSES;SEASHELLS;14291.0;4
340400;Vinnie;Vladimir;STRAWBERRIES;SEASHELLS;4023.0;7
341200;Vinnie;Remy;STRAWBERRIES;SEASHELLS;4023.0;6
341300;Vinnie;Vladimir;STRAWBERRIES;SEASHELLS;4024.0;4
341600;Remy;Vinnie;CHOCOLATE;SEASHELLS;7778.0;8
342300;Vladimir;Rhianna;GIFT_BASKET;SEASHELLS;69918.0;2
342300;Vinnie;Rhianna;GIFT_BASKET;SEASHELLS;69919.0;1
342600;Vinnie;Remy;ROSES;SEASHELLS;14282.0;4
342900;Vladimir;Rhianna;GIFT_BASKET;SEASHELLS;69942.0;3
342900;Vinnie;Vladimir;STRAWBERRIES;SEASHELLS;4022.0;4
343000;Vinnie;Remy;CHOCOLATE;SEASHELLS;7779.0;5
343100;Vinnie;Vladimir;CHOCOLATE;SEASHELLS;7778.0;9
343200;Vinnie;Remy;ROSES;SEASHELLS;14274.0;2
343200;Vinnie;Vladimir;STRAWBERRIES;SEASHELLS;4022.0;12
343500;Vinnie;Vladimir;STRAWBERRIES;SEASHELLS;4022.0;8
343500;Remy;Vinnie;CHOCOLATE;SEASHELLS;7780.0;5
343600;Vinnie;Remy;STRAWBERRIES;SEASHELLS;4022.0;6
343900;Vinnie;Remy;STRAWBERRIES;SEASHELLS;4021.0;6
344400;Vinnie;Remy;ROSES;SEASHELLS;14262.0;5
344600;Vinnie;Ruby;GIFT_BASKET;SEASHELLS;69939.0;2
344700;Remy;Vinnie;STRAWBERRIES;SEASHELLS;4021.0;5
344800;Vinnie;Remy;CHOCOLATE;SEASHELLS;7777.0;5
345000;Vinnie;Vladimir;ROSES;SEASHELLS;14260.0;11
345300;Remy;Vinnie;ROSES;SEASHELLS;14261.0;4
345300;Remy;Vinnie;CHOCOLATE;SEASHELLS;7777.0;7
345400;Vinnie;Remy;CHOCOLATE;SEASHELLS;7777.0;5
345900;Vinnie;Vladimir;STRAWBERRIES;SEASHELLS;4017.0;10
346000;Vinnie;Ruby;GIFT_BASKET;SEASHELLS;69888.0;1
347100;Vinnie;Vladimir;CHOCOLATE;SEASHELLS;7779.0;9
347200;Vinnie;Vladimir;CHOCOLATE;SEASHELLS;7779.0;8
347300;Remy;Vinnie;STRAWBERRIES;SEASHELLS;4017.0;6
347400;Remy;Vinnie;CHOCOLATE;SEASHELLS;7782.0;5
347400;Remy;Vinnie;STRAWBERRIES;SEASHELLS;4016.0;5
348600;Remy;Vinnie;STRAWBERRIES;SEASHELLS;4018.0;7
348700;Vinnie;Vladimir;STRAWBERRIES;SEASHELLS;4017.0;11
348800;Vinnie;Vladimir;STRAWBERRIES;SEASHELLS;4017.0;9
349000;Vinnie;Ruby;GIFT_BASKET;SEASHELLS;69942.0;1
349100;Vinnie;Remy;ROSES;SEASHELLS;14243.0;5
349500;Vinnie;Remy;STRAWBERRIES;SEASHELLS;4017.0;4
349600;Remy;Vinnie;CHOCOLATE;SEASHELLS;7785.0;7
349800;Vinnie;Vladimir;ROSES;SEASHELLS;14245.0;4
350200;Vinnie;Rhianna;GIFT_BASKET;SEASHELLS;69908.0;1
350200;Vladimir;Rhianna;GIFT_BASKET;SEASHELLS;69907.0;4
350400;Remy;Vinnie;ROSES;SEASHELLS;14257.0;2
350500;Vinnie;Remy;STRAWBERRIES;SEASHELLS;4016.0;8
350600;Vinnie;Remy;CHOCOLATE;SEASHELLS;7782.0;5
351000;Vinnie;Vladimir;STRAWBERRIES;SEASHELLS;4016.0;8
351100;Vinnie;Remy;ROSES;SEASHELLS;14271.0;3
351600;Vinnie;Vladimir;STRAWBERRIES;SEASHELLS;4016.0;10
351700;Vinnie;Rhianna;GIFT_BASKET;SEASHELLS;69929.0;2
351700;Vladimir;Rhianna;GIFT_BASKET;SEASHELLS;69929.0;1
351700;Vinnie;Remy;ROSES;SEASHELLS;14267.0;5
351800;Remy;Vinnie;CHOCOLATE;SEASHELLS;7790.0;7
352300;Vinnie;Vladimir;CHOCOLATE;SEASHELLS;7786.0;9
352400;Vinnie;Vladimir;ROSES;SEASHELLS;14277.0;3
353300;Rhianna;Vinnie;GIFT_BASKET;SEASHELLS;69957.0;2
353500;Vinnie;Vladimir;STRAWBERRIES;SEASHELLS;4013.0;11
353800;Vladimir;Remy;ROSES;SEASHELLS;14287.0;4
354000;Vinnie;Vladimir;STRAWBERRIES;SEASHELLS;4014.0;6
354100;Remy;Vinnie;CHOCOLATE;SEASHELLS;7787.0;6
354200;Vinnie;Remy;CHOCOLATE;SEASHELLS;7786.0;7
355300;Vinnie;Remy;CHOCOLATE;SEASHELLS;7781.0;8
355700;Vinnie;Vladimir;STRAWBERRIES;SEASHELLS;4012.0;5
355800;Remy;Vinnie;CHOCOLATE;SEASHELLS;7785.0;5
356900;Vinnie;Vladimir;STRAWBERRIES;SEASHELLS;4011.0;9
357300;Remy;Vinnie;STRAWBERRIES;SEASHELLS;4013.0;7
357600;Vinnie;Remy;ROSES;SEASHELLS;14255.0;3
357600;Remy;Vinnie;CHOCOLATE;SEASHELLS;7792.0;5
357700;Vinnie;Remy;STRAWBERRIES;SEASHELLS;4012.0;4
358200;Remy;Vinnie;ROSES;SEASHELLS;14254.0;5
358200;Ruby;Vladimir;GIFT_BASKET;SEASHELLS;69837.0;8
358300;Vinnie;Vladimir;ROSES;SEASHELLS;14253.0;5
358600;Remy;Vinnie;ROSES;SEASHELLS;14251.0;5
358700;Remy;Vinnie;STRAWBERRIES;SEASHELLS;4014.0;8
358800;Vinnie;Remy;STRAWBERRIES;SEASHELLS;4013.0;10
359300;Remy;Vinnie;ROSES;SEASHELLS;14253.0;2
359700;Vinnie;Vladimir;STRAWBERRIES;SEASHELLS;4014.0;6
360900;Remy;Vinnie;CHOCOLATE;SEASHELLS;7784.0;8
361200;Remy;Vinnie;CHOCOLATE;SEASHELLS;7786.0;6
361700;Vinnie;Remy;ROSES;SEASHELLS;14244.0;1
361800;Vinnie;Remy;STRAWBERRIES;SEASHELLS;4011.0;6
362100;Remy;Vinnie;CHOCOLATE;SEASHELLS;7784.0;6
362200;Vinnie;Remy;STRAWBERRIES;SEASHELLS;4012.0;8
362500;Vinnie;Remy;STRAWBERRIES;SEASHELLS;4012.0;10
362600;Vladimir;Rhianna;GIFT_BASKET;SEASHELLS;69834.0;3
362600;Remy;Vinnie;CHOCOLATE;SEASHELLS;7788.0;6
363000;Vinnie;Remy;CHOCOLATE;SEASHELLS;7791.0;6
363200;Vinnie;Remy;ROSES;SEASHELLS;14233.0;3
364000;Remy;Vinnie;STRAWBERRIES;SEASHELLS;4014.0;5
364000;Vinnie;Remy;ROSES;SEASHELLS;14238.0;3
364300;Remy;Vinnie;ROSES;SEASHELLS;14245.0;2
364300;Vinnie;Vladimir;CHOCOLATE;SEASHELLS;7789.0;7
364400;Vinnie;Remy;STRAWBERRIES;SEASHELLS;4014.0;10
364500;Vinnie;Vladimir;CHOCOLATE;SEASHELLS;7788.0;6
364800;Vinnie;Vladimir;STRAWBERRIES;SEASHELLS;4013.0;6
365100;Vinnie;Remy;ROSES;SEASHELLS;14257.0;4
365600;Vinnie;Remy;ROSES;SEASHELLS;14255.0;5
365700;Remy;Vinnie;STRAWBERRIES;SEASHELLS;4015.0;5
365800;Vinnie;Vladimir;STRAWBERRIES;SEASHELLS;4014.0;8
366000;Remy;Vinnie;ROSES;SEASHELLS;14258.0;3
366100;Remy;Vinnie;ROSES;SEASHELLS;14261.0;1
366400;Vinnie;Remy;ROSES;SEASHELLS;14261.0;1
366600;Remy;Vinnie;ROSES;SEASHELLS;14265.0;4
366700;Remy;Vinnie;STRAWBERRIES;SEASHELLS;4014.0;6
366900;Vladimir;Remy;STRAWBERRIES;SEASHELLS;4013.0;4
366900;Vinnie;Vladimir;ROSES;SEASHELLS;14263.0;10
367100;Remy;Vinnie;ROSES;SEASHELLS;14263.0;1
367400;Vinnie;Vladimir;STRAWBERRIES;SEASHELLS;4013.0;10
367700;Vinnie;Remy;STRAWBERRIES;SEASHELLS;4013.0;9
368800;Vinnie;Remy;ROSES;SEASHELLS;14269.0;2
368900;Vladimir;Rhianna;GIFT_BASKET;SEASHELLS;69850.0;3
368900;Vinnie;Rhianna;GIFT_BASKET;SEASHELLS;69851.0;2
369100;Remy;Vinnie;STRAWBERRIES;SEASHELLS;4015.0;4
369100;Vinnie;Remy;ROSES;SEASHELLS;14264.0;4
369300;Vinnie;Vladimir;CHOCOLATE;SEASHELLS;7783.0;7
369400;Remy;Vinnie;ROSES;SEASHELLS;14270.0;2
369400;Remy;Vinnie;STRAWBERRIES;SEASHELLS;4014.0;5
369500;Remy;Vinnie;STRAWBERRIES;SEASHELLS;4014.0;6
369900;Remy;Vinnie;STRAWBERRIES;SEASHELLS;4015.0;7
370000;Vinnie;Remy;STRAWBERRIES;SEASHELLS;4014.0;7
370200;Vinnie;Remy;ROSES;SEASHELLS;14283.0;5
370300;Vinnie;Remy;STRAWBERRIES;SEASHELLS;4014.0;7
370400;Vinnie;Remy;ROSES;SEASHELLS;14280.0;3
370500;Vinnie;Vladimir;STRAWBERRIES;SEASHELLS;4013.0;6
370500;Remy;Vinnie;STRAWBERRIES;SEASHELLS;4015.0;8
371100;Remy;Vinnie;CHOCOLATE;SEASHELLS;7778.0;7
371700;Remy;Vinnie;CHOCOLATE;SEASHELLS;7778.0;8
372100;Vinnie;Remy;CHOCOLATE;SEASHELLS;7778.0;6
372400;Remy;Vladimir;STRAWBERRIES;SEASHELLS;4015.0;5
372800;Vinnie;Remy;STRAWBERRIES;SEASHELLS;4014.0;8
372800;Remy;Vinnie;CHOCOLATE;SEASHELLS;7775.0;8
373000;Rhianna;Vinnie;GIFT_BASKET;SEASHELLS;69859.0;2
373100;Vinnie;Remy;ROSES;SEASHELLS;14280.0;3
373300;Vinnie;Remy;ROSES;SEASHELLS;14283.0;2
373300;Remy;Vinnie;CHOCOLATE;SEASHELLS;7776.0;7
373400;Remy;Vinnie;STRAWBERRIES;SEASHELLS;4015.0;6
374000;Vinnie;Remy;CHOCOLATE;SEASHELLS;7773.0;7
374400;Remy;Vinnie;CHOCOLATE;SEASHELLS;7776.0;5
374600;Ruby;Vladimir;GIFT_BASKET;SEASHELLS;69823.0;6
375100;Vinnie;Remy;CHOCOLATE;SEASHELLS;7777.0;5
375100;Vinnie;Remy;STRAWBERRIES;SEASHELLS;4015.0;10
375200;Remy;Vinnie;ROSES;SEASHELLS;14282.0;3
375400;Remy;Vinnie;ROSES;SEASHELLS;14281.0;5
375700;Vinnie;Remy;CHOCOLATE;SEASHELLS;7779.0;8
376200;Vinnie;Remy;ROSES;SEASHELLS;14295.0;5
377300;Vinnie;Vladimir;STRAWBERRIES;SEASHELLS;4014.0;6
378100;Remy;Vinnie;CHOCOLATE;SEASHELLS;7784.0;8
378300;Vladimir;Rhianna;GIFT_BASKET;SEASHELLS;69905.0;1
378300;Vinnie;Rhianna;GIFT_BASKET;SEASHELLS;69906.0;2
378700;Remy;Vinnie;STRAWBERRIES;SEASHELLS;4015.0;5
378700;Vinnie;Remy;ROSES;SEASHELLS;14305.0;4
378900;Remy;Vinnie;ROSES;SEASHELLS;14307.0;5
379100;Vinnie;Remy;ROSES;SEASHELLS;14308.0;1
379800;Vinnie;Remy;CHOCOLATE;SEASHELLS;7779.0;7
380100;Remy;Vinnie;STRAWBERRIES;SEASHELLS;4014.0;8
380300;Remy;Vinnie;ROSES;SEASHELLS;14317.0;4
380600;Vinnie;Remy;CHOCOLATE;SEASHELLS;7780.0;6
381400;Vinnie;Remy;STRAWBERRIES;SEASHELLS;4013.0;6
381900;Remy;Vinnie;ROSES;SEASHELLS;14319.0;5
382000;Remy;Vinnie;CHOCOLATE;SEASHELLS;7783.0;7
382200;Vinnie;Rhianna;GIFT_BASKET;SEASHELLS;69923.0;1
382200;Vladimir;Rhianna;GIFT_BASKET;SEASHELLS;69923.0;7
382300;Vinnie;Vladimir;CHOCOLATE;SEASHELLS;7783.0;6
382300;Remy;Vinnie;STRAWBERRIES;SEASHELLS;4014.0;9
382400;Vinnie;Ruby;GIFT_BASKET;SEASHELLS;69935.0;2
382400;Vinnie;Remy;CHOCOLATE;SEASHELLS;7783.0;8
382500;Vinnie;Vladimir;STRAWBERRIES;SEASHELLS;4012.0;11
382800;Vinnie;Remy;ROSES;SEASHELLS;14314.0;2
382800;Vinnie;Remy;CHOCOLATE;SEASHELLS;7781.0;7
383200;Vinnie;Remy;ROSES;SEASHELLS;14304.0;5
383800;Vinnie;Remy;ROSES;SEASHELLS;14294.0;2
383800;Vinnie;Remy;STRAWBERRIES;SEASHELLS;4012.0;10
384300;Remy;Vinnie;STRAWBERRIES;SEASHELLS;4014.0;8
384500;Vinnie;Remy;STRAWBERRIES;SEASHELLS;4012.0;6
385200;Vinnie;Remy;CHOCOLATE;SEASHELLS;7786.0;6
385300;Remy;Vinnie;CHOCOLATE;SEASHELLS;7788.0;8
385500;Ruby;Vinnie;GIFT_BASKET;SEASHELLS;69906.0;2
385900;Vinnie;Ruby;GIFT_BASKET;SEASHELLS;69856.0;1
386000;Remy;Vinnie;ROSES;SEASHELLS;14315.0;3
386000;Ruby;Vladimir;GIFT_BASKET;SEASHELLS;69860.0;9
386400;Vinnie;Remy;STRAWBERRIES;SEASHELLS;4011.0;5
387000;Remy;Vinnie;STRAWBERRIES;SEASHELLS;4013.0;4
387100;Vinnie;Vladimir;STRAWBERRIES;SEASHELLS;4012.0;9
387200;Vinnie;Vladimir;STRAWBERRIES;SEASHELLS;4011.0;3
388500;Vinnie;Remy;STRAWBERRIES;SEASHELLS;4009.0;8
388600;Vinnie;Remy;STRAWBERRIES;SEASHELLS;4009.0;6
389500;Vinnie;Remy;STRAWBERRIES;SEASHELLS;4008.0;4
389700;Vinnie;Vladimir;STRAWBERRIES;SEASHELLS;4009.0;10
390300;Vinnie;Remy;STRAWBERRIES;SEASHELLS;4009.0;9
390400;Remy;Vinnie;CHOCOLATE;SEASHELLS;7781.0;8
390400;Vladimir;Rhianna;GIFT_BASKET;SEASHELLS;69856.0;2
390400;Vinnie;Rhianna;GIFT_BASKET;SEASHELLS;69857.0;2
390800;Vinnie;Vladimir;STRAWBERRIES;SEASHELLS;4009.0;10
391000;Vinnie;Remy;STRAWBERRIES;SEASHELLS;4009.0;7
391100;Vladimir;Remy;STRAWBERRIES;SEASHELLS;4010.0;7
391900;Vinnie;Remy;CHOCOLATE;SEASHELLS;7774.0;6
391900;Vinnie;Remy;STRAWBERRIES;SEASHELLS;4010.0;7
392500;Vinnie;Remy;CHOCOLATE;SEASHELLS;7772.0;8
393100;Ruby;Vinnie;GIFT_BASKET;SEASHELLS;69872.0;1
393400;Vinnie;Rhianna;GIFT_BASKET;SEASHELLS;69830.0;1
393400;Vinnie;Vladimir;CHOCOLATE;SEASHELLS;7777.0;7
393400;Vladimir;Rhianna;GIFT_BASKET;SEASHELLS;69829.0;3
394100;Remy;Vinnie;STRAWBERRIES;SEASHELLS;4008.0;4
394400;Rhianna;Vinnie;GIFT_BASKET;SEASHELLS;69800.0;1
394600;Ruby;Vladimir;GIFT_BASKET;SEASHELLS;69810.0;8
394700;Vinnie;Vladimir;STRAWBERRIES;SEASHELLS;4006.0;8
395000;Remy;Vinnie;ROSES;SEASHELLS;14327.0;5
395200;Vinnie;Remy;STRAWBERRIES;SEASHELLS;4005.0;7
395400;Vinnie;Ruby;GIFT_BASKET;SEASHELLS;69752.0;2
396400;Vinnie;Remy;CHOCOLATE;SEASHELLS;7776.0;7
396500;Vinnie;Rhianna;GIFT_BASKET;SEASHELLS;69728.0;1
396500;Vladimir;Rhianna;GIFT_BASKET;SEASHELLS;69728.0;2
396600;Ruby;Vinnie;GIFT_BASKET;SEASHELLS;69739.0;1
396600;Remy;Vinnie;ROSES;SEASHELLS;14312.0;2
396700;Remy;Vinnie;CHOCOLATE;SEASHELLS;7777.0;6
397100;Remy;Vinnie;CHOCOLATE;SEASHELLS;7781.0;5
397200;Vinnie;Vladimir;STRAWBERRIES;SEASHELLS;4003.0;9
397800;Vinnie;Remy;ROSES;SEASHELLS;14305.0;3
397900;Vinnie;Remy;CHOCOLATE;SEASHELLS;7784.0;6
397900;Remy;Vinnie;ROSES;SEASHELLS;14307.0;3
397900;Vinnie;Vladimir;CHOCOLATE;SEASHELLS;7784.0;9
398100;Vinnie;Remy;CHOCOLATE;SEASHELLS;7785.0;8
398100;Remy;Vinnie;STRAWBERRIES;SEASHELLS;4005.0;4
398300;Vinnie;Vladimir;STRAWBERRIES;SEASHELLS;4004.0;11
398400;Remy;Vinnie;STRAWBERRIES;SEASHELLS;4005.0;6
398500;Vinnie;Remy;STRAWBERRIES;SEASHELLS;4004.0;7
399400;Vinnie;Vladimir;STRAWBERRIES;SEASHELLS;4005.0;11
399500;Vinnie;Remy;STRAWBERRIES;SEASHELLS;4005.0;6
399600;Vinnie;Vladimir;ROSES;SEASHELLS;14322.0;10
400000;Remy;Vinnie;CHOCOLATE;SEASHELLS;7787.0;7
400000;Remy;Vinnie;STRAWBERRIES;SEASHELLS;4006.0;8
400000;Vladimir;Rhianna;GIFT_BASKET;SEASHELLS;69802.0;4
400200;Remy;Vinnie;STRAWBERRIES;SEASHELLS;4005.0;10
400300;Remy;Vinnie;ROSES;SEASHELLS;14307.0;3
400400;Remy;Vinnie;ROSES;SEASHELLS;14312.0;2
400800;Vinnie;Remy;CHOCOLATE;SEASHELLS;7788.0;8
401000;Remy;Vinnie;STRAWBERRIES;SEASHELLS;4004.0;9
401200;Vinnie;Remy;CHOCOLATE;SEASHELLS;7789.0;5
401400;Vinnie;Remy;CHOCOLATE;SEASHELLS;7789.0;6
401600;Vinnie;Remy;CHOCOLATE;SEASHELLS;7791.0;5
401900;Vinnie;Remy;ROSES;SEASHELLS;14298.0;1
402000;Vinnie;Remy;CHOCOLATE;SEASHELLS;7787.0;6
402200;Vinnie;Vladimir;STRAWBERRIES;SEASHELLS;4005.0;9
402200;Vinnie;Remy;STRAWBERRIES;SEASHELLS;4005.0;10
402700;Vinnie;Remy;STRAWBERRIES;SEASHELLS;4004.0;7
403100;Remy;Vinnie;CHOCOLATE;SEASHELLS;7787.0;6
403200;Vinnie;Vladimir;CHOCOLATE;SEASHELLS;7787.0;6
403600;Vinnie;Remy;CHOCOLATE;SEASHELLS;7785.0;8
403700;Vinnie;Remy;ROSES;SEASHELLS;14299.0;5
403800;Vinnie;Rhianna;GIFT_BASKET;SEASHELLS;69799.0;2
403900;Vinnie;Ruby;GIFT_BASKET;SEASHELLS;69813.0;2
404200;Ruby;Vinnie;GIFT_BASKET;SEASHELLS;69832.0;2
404500;Vinnie;Rhianna;GIFT_BASKET;SEASHELLS;69836.0;1
404600;Vinnie;Remy;ROSES;SEASHELLS;14301.0;4
404600;Vinnie;Vladimir;CHOCOLATE;SEASHELLS;7782.0;4
404900;Rhianna;Vladimir;GIFT_BASKET;SEASHELLS;69821.0;3
405600;Remy;Vinnie;CHOCOLATE;SEASHELLS;7781.0;5
405800;Vinnie;Remy;ROSES;SEASHELLS;14288.0;3
406200;Vladimir;Ruby;GIFT_BASKET;SEASHELLS;69808.0;7
406300;Vinnie;Vladimir;STRAWBERRIES;SEASHELLS;4007.0;10
406500;Vinnie;Vladimir;STRAWBERRIES;SEASHELLS;4007.0;4
406700;Vinnie;Remy;ROSES;SEASHELLS;14287.0;5
407300;Vinnie;Remy;STRAWBERRIES;SEASHELLS;4008.0;7
407300;Vinnie;Remy;ROSES;SEASHELLS;14289.0;3
407500;Vinnie;Remy;CHOCOLATE;SEASHELLS;7785.0;7
407600;Vinnie;Vladimir;CHOCOLATE;SEASHELLS;7786.0;6
407900;Rhianna;Vinnie;GIFT_BASKET;SEASHELLS;69847.0;1
408300;Remy;Vinnie;CHOCOLATE;SEASHELLS;7788.0;7
408300;Vinnie;Vladimir;STRAWBERRIES;SEASHELLS;4007.0;11
408500;Vinnie;Remy;STRAWBERRIES;SEASHELLS;4006.0;5
408600;Remy;Vinnie;ROSES;SEASHELLS;14290.0;4
408600;Vinnie;Remy;STRAWBERRIES;SEASHELLS;4007.0;8
408800;Remy;Vinnie;ROSES;SEASHELLS;14284.0;5
409500;Vinnie;Remy;STRAWBERRIES;SEASHELLS;4007.0;10
409900;Vinnie;Vladimir;CHOCOLATE;SEASHELLS;7788.0;6
410700;Vinnie;Remy;STRAWBERRIES;SEASHELLS;4007.0;5
410700;Ruby;Vinnie;GIFT_BASKET;SEASHELLS;69799.0;1
410900;Remy;Vinnie;ROSES;SEASHELLS;14288.0;5
411000;Remy;Vinnie;STRAWBERRIES;SEASHELLS;4008.0;10
411100;Vinnie;Remy;STRAWBERRIES;SEASHELLS;4006.0;10
411400;Remy;Vinnie;STRAWBERRIES;SEASHELLS;4008.0;5
411500;Vinnie;Vladimir;STRAWBERRIES;SEASHELLS;4006.0;5
411500;Vinnie;Vladimir;ROSES;SEASHELLS;14286.0;4
411700;Remy;Vinnie;STRAWBERRIES;SEASHELLS;4008.0;10
412000;Vinnie;Remy;CHOCOLATE;SEASHELLS;7781.0;7
412300;Vinnie;Vladimir;CHOCOLATE;SEASHELLS;7784.0;8
412500;Remy;Vinnie;CHOCOLATE;SEASHELLS;7785.0;5
412600;Remy;Vinnie;STRAWBERRIES;SEASHELLS;4008.0;10
412800;Rhianna;Vinnie;GIFT_BASKET;SEASHELLS;69817.0;1
412900;Vinnie;Remy;ROSES;SEASHELLS;14295.0;2
413000;Vinnie;Remy;STRAWBERRIES;SEASHELLS;4008.0;8
413700;Remy;Vinnie;STRAWBERRIES;SEASHELLS;4010.0;9
413900;Vinnie;Vladimir;CHOCOLATE;SEASHELLS;7783.0;10
414100;Vladimir;Vinnie;GIFT_BASKET;SEASHELLS;69835.0;1
414400;Vinnie;Vladimir;STRAWBERRIES;SEASHELLS;4011.0;7
414500;Ruby;Vinnie;GIFT_BASKET;SEASHELLS;69833.0;2
414500;Remy;Vinnie;ROSES;SEASHELLS;14303.0;1
415200;Ruby;Vladimir;GIFT_BASKET;SEASHELLS;69831.0;6
415200;Remy;Vinnie;STRAWBERRIES;SEASHELLS;4013.0;7
415700;Remy;Vinnie;CHOCOLATE;SEASHELLS;7784.0;6
416000;Vinnie;Remy;STRAWBERRIES;SEASHELLS;4011.0;7
416200;Remy;Vinnie;STRAWBERRIES;SEASHELLS;4013.0;6
416400;Vinnie;Remy;CHOCOLATE;SEASHELLS;7780.0;7
416500;Vinnie;Vladimir;STRAWBERRIES;SEASHELLS;4012.0;10
416700;Vinnie;Remy;CHOCOLATE;SEASHELLS;7780.0;8
416700;Vladimir;Ruby;GIFT_BASKET;SEASHELLS;69820.0;10
417500;Vinnie;Remy;STRAWBERRIES;SEASHELLS;4010.0;8
417500;Remy;Vinnie;ROSES;SEASHELLS;14308.0;5
418100;Vinnie;Rhianna;GIFT_BASKET;SEASHELLS;69811.0;2
419600;Remy;Vinnie;CHOCOLATE;SEASHELLS;7785.0;6
419900;Vinnie;Remy;STRAWBERRIES;SEASHELLS;4009.0;4
420100;Remy;Vinnie;ROSES;SEASHELLS;14308.0;3
420200;Vinnie;Remy;STRAWBERRIES;SEASHELLS;4009.0;6
420600;Vinnie;Vladimir;CHOCOLATE;SEASHELLS;7786.0;7
420700;Vinnie;Vladimir;CHOCOLATE;SEASHELLS;7787.0;10
420900;Vinnie;Rhianna;GIFT_BASKET;SEASHELLS;69831.0;2
421200;Vinnie;Vladimir;STRAWBERRIES;SEASHELLS;4010.0;9
421300;Vinnie;Remy;STRAWBERRIES;SEASHELLS;4009.0;5
421300;Vinnie;Remy;ROSES;SEASHELLS;14312.0;5
422000;Vinnie;Ruby;GIFT_BASKET;SEASHELLS;69828.0;2
422100;Vinnie;Remy;STRAWBERRIES;SEASHELLS;4011.0;4
422600;Remy;Vinnie;ROSES;SEASHELLS;14295.0;2
422800;Vinnie;Rhianna;GIFT_BASKET;SEASHELLS;69812.0;3
422800;Vinnie;Rhianna;GIFT_BASKET;SEASHELLS;69807.0;1
422800;Vladimir;Rhianna;GIFT_BASKET;SEASHELLS;69806.0;4
423100;Remy;Vinnie;STRAWBERRIES;SEASHELLS;4009.0;5
423300;Remy;Vinnie;ROSES;SEASHELLS;14297.0;1
423400;Vinnie;Vladimir;STRAWBERRIES;SEASHELLS;4008.0;11
424100;Remy;Vinnie;ROSES;SEASHELLS;14298.0;4
424300;Vinnie;Remy;STRAWBERRIES;SEASHELLS;4009.0;4
424400;Remy;Vinnie;CHOCOLATE;SEASHELLS;7785.0;8
424700;Vinnie;Remy;ROSES;SEASHELLS;14295.0;5
424700;Rhianna;Vladimir;GIFT_BASKET;SEASHELLS;69888.0;4
425200;Remy;Vinnie;STRAWBERRIES;SEASHELLS;4011.0;8
425400;Remy;Vinnie;STRAWBERRIES;SEASHELLS;4011.0;5
425800;Vinnie;Vladimir;STRAWBERRIES;SEASHELLS;4011.0;4
425900;Remy;Vinnie;ROSES;SEASHELLS;14304.0;5
426100;Remy;Vinnie;CHOCOLATE;SEASHELLS;7787.0;5
426200;Remy;Vinnie;STRAWBERRIES;SEASHELLS;4013.0;5
426300;Vinnie;Remy;STRAWBERRIES;SEASHELLS;4012.0;10
426400;Vinnie;Remy;ROSES;SEASHELLS;14299.0;2
426400;Vinnie;Vladimir;STRAWBERRIES;SEASHELLS;4011.0;10
426600;Vinnie;Rhianna;GIFT_BASKET;SEASHELLS;69878.0;1
426600;Vladimir;Rhianna;GIFT_BASKET;SEASHELLS;69877.0;2
427200;Vinnie;Ruby;GIFT_BASKET;SEASHELLS;69901.0;1
427400;Vinnie;Remy;ROSES;SEASHELLS;14304.0;5
427600;Vinnie;Remy;STRAWBERRIES;SEASHELLS;4009.0;4
427700;Vinnie;Remy;ROSES;SEASHELLS;14301.0;2
427800;Remy;Vinnie;STRAWBERRIES;SEASHELLS;4011.0;5
427900;Vinnie;Remy;ROSES;SEASHELLS;14297.0;4
428700;Vinnie;Remy;CHOCOLATE;SEASHELLS;7791.0;5
428900;Ruby;Vinnie;GIFT_BASKET;SEASHELLS;69841.0;5
429000;Remy;Vinnie;ROSES;SEASHELLS;14287.0;1
429200;Remy;Vinnie;CHOCOLATE;SEASHELLS;7791.0;6
429600;Vinnie;Remy;ROSES;SEASHELLS;14288.0;1
429800;Rhianna;Vladimir;GIFT_BASKET;SEASHELLS;69852.0;4
430000;Vinnie;Remy;STRAWBERRIES;SEASHELLS;4008.0;4
430100;Vinnie;Remy;CHOCOLATE;SEASHELLS;7785.0;8
430800;Vinnie;Vladimir;CHOCOLATE;SEASHELLS;7786.0;8
431200;Remy;Vinnie;ROSES;SEASHELLS;14294.0;5
431300;Remy;Vinnie;ROSES;SEASHELLS;14291.0;3
431800;Vinnie;Ruby;GIFT_BASKET;SEASHELLS;69814.0;2
431800;Remy;Vinnie;ROSES;SEASHELLS;14292.0;4
432400;Remy;Vinnie;CHOCOLATE;SEASHELLS;7781.0;5
432500;Vinnie;Remy;STRAWBERRIES;SEASHELLS;4007.0;4
432500;Ruby;Vinnie;GIFT_BASKET;SEASHELLS;69809.0;1
432700;Vinnie;Remy;ROSES;SEASHELLS;14287.0;3
432800;Vinnie;Vladimir;STRAWBERRIES;SEASHELLS;4007.0;10
433200;Vinnie;Remy;ROSES;SEASHELLS;14287.0;2
433600;Vinnie;Vladimir;CHOCOLATE;SEASHELLS;7782.0;8
434000;Remy;Vinnie;ROSES;SEASHELLS;14299.0;4
434000;Ruby;Vinnie;GIFT_BASKET;SEASHELLS;69798.0;1
434200;Vinnie;Vladimir;STRAWBERRIES;SEASHELLS;4008.0;6
434300;Remy;Vinnie;ROSES;SEASHELLS;14296.0;3
434400;Vinnie;Remy;CHOCOLATE;SEASHELLS;7780.0;7
434600;Vinnie;Remy;ROSES;SEASHELLS;14298.0;3
435100;Remy;Vinnie;ROSES;SEASHELLS;14300.0;4
435500;Remy;Vinnie;ROSES;SEASHELLS;14303.0;1
435900;Vinnie;Remy;ROSES;SEASHELLS;14301.0;2
436000;Remy;Vinnie;ROSES;SEASHELLS;14299.0;4
436500;Remy;Vinnie;STRAWBERRIES;SEASHELLS;4009.0;10
436700;Vinnie;Vladimir;CHOCOLATE;SEASHELLS;7770.0;10
436900;Vinnie;Remy;ROSES;SEASHELLS;14314.0;2
437600;Rhianna;Vladimir;GIFT_BASKET;SEASHELLS;69824.0;3
438000;Vinnie;Remy;STRAWBERRIES;SEASHELLS;4006.0;7
438100;Vinnie;Remy;ROSES;SEASHELLS;14312.0;5
438100;Vinnie;Vladimir;STRAWBERRIES;SEASHELLS;4006.0;12
438300;Vinnie;Vladimir;STRAWBERRIES;SEASHELLS;4008.0;12
438400;Vinnie;Vladimir;CHOCOLATE;SEASHELLS;7773.0;8
438700;Vinnie;Vladimir;STRAWBERRIES;SEASHELLS;4007.0;6
438700;Remy;Vinnie;CHOCOLATE;SEASHELLS;7772.0;7
439100;Vinnie;Remy;ROSES;SEASHELLS;14296.0;2
439100;Vladimir;Ruby;GIFT_BASKET;SEASHELLS;69802.0;8
439200;Vinnie;Ruby;GIFT_BASKET;SEASHELLS;69804.0;1
439500;Vinnie;Rhianna;GIFT_BASKET;SEASHELLS;69813.0;1
439500;Vladimir;Rhianna;GIFT_BASKET;SEASHELLS;69812.0;7
439800;Vinnie;Remy;ROSES;SEASHELLS;14296.0;1
440100;Remy;Vinnie;ROSES;SEASHELLS;14307.0;2
441200;Vinnie;Remy;CHOCOLATE;SEASHELLS;7768.0;8
441300;Vinnie;Remy;STRAWBERRIES;SEASHELLS;4005.0;8
441400;Vinnie;Vladimir;STRAWBERRIES;SEASHELLS;4006.0;6
441600;Remy;Vinnie;ROSES;SEASHELLS;14306.0;3
441700;Vinnie;Vladimir;STRAWBERRIES;SEASHELLS;4006.0;9
442200;Vinnie;Remy;CHOCOLATE;SEASHELLS;7763.0;7
442600;Vinnie;Remy;CHOCOLATE;SEASHELLS;7763.0;7
442800;Remy;Vinnie;STRAWBERRIES;SEASHELLS;4008.0;7
443300;Remy;Vinnie;CHOCOLATE;SEASHELLS;7768.0;8
443400;Vladimir;Ruby;GIFT_BASKET;SEASHELLS;69803.0;6
443900;Remy;Vinnie;STRAWBERRIES;SEASHELLS;4008.0;5
443900;Vinnie;Vladimir;CHOCOLATE;SEASHELLS;7769.0;8
444000;Vinnie;Vladimir;ROSES;SEASHELLS;14296.0;8
444200;Vinnie;Remy;STRAWBERRIES;SEASHELLS;4007.0;4
444800;Vinnie;Remy;CHOCOLATE;SEASHELLS;7770.0;8
444900;Vladimir;Rhianna;GIFT_BASKET;SEASHELLS;69856.0;7
445000;Vinnie;Remy;CHOCOLATE;SEASHELLS;7768.0;7
445000;Ruby;Vladimir;GIFT_BASKET;SEASHELLS;69866.0;6
445300;Vinnie;Remy;ROSES;SEASHELLS;14305.0;2
445600;Vinnie;Vladimir;STRAWBERRIES;SEASHELLS;4005.0;8
447000;Vinnie;Remy;ROSES;SEASHELLS;14295.0;2
448000;Vinnie;Remy;ROSES;SEASHELLS;14280.0;4
448500;Vinnie;Vladimir;CHOCOLATE;SEASHELLS;7759.0;4
448700;Remy;Vinnie;ROSES;SEASHELLS;14286.0;2
448800;Vinnie;Remy;CHOCOLATE;SEASHELLS;7762.0;8
448800;Remy;Vinnie;STRAWBERRIES;SEASHELLS;4009.0;7
449800;Vinnie;Vladimir;ROSES;SEASHELLS;14286.0;9
450300;Vinnie;Vladimir;ROSES;SEASHELLS;14286.0;6
450800;Remy;Vinnie;ROSES;SEASHELLS;14297.0;2
450800;Vinnie;Remy;CHOCOLATE;SEASHELLS;7768.0;6
452000;Remy;Vinnie;ROSES;SEASHELLS;14313.0;3
452100;Vinnie;Remy;CHOCOLATE;SEASHELLS;7772.0;7
452700;Vinnie;Remy;CHOCOLATE;SEASHELLS;7773.0;5
453300;Ruby;Vinnie;GIFT_BASKET;SEASHELLS;69905.0;1
453300;Vinnie;Vladimir;STRAWBERRIES;SEASHELLS;4007.0;10
453700;Remy;Vinnie;ROSES;SEASHELLS;14319.0;1
453900;Vinnie;Vladimir;STRAWBERRIES;SEASHELLS;4007.0;10
454100;Vinnie;Remy;STRAWBERRIES;SEASHELLS;4007.0;4
454600;Vinnie;Remy;STRAWBERRIES;SEASHELLS;4006.0;9
454600;Remy;Vinnie;CHOCOLATE;SEASHELLS;7770.0;6
454700;Vinnie;Remy;ROSES;SEASHELLS;14313.0;3
454700;Remy;Vinnie;CHOCOLATE;SEASHELLS;7771.0;5
455200;Remy;Vinnie;ROSES;SEASHELLS;14324.0;2
455300;Vinnie;Remy;STRAWBERRIES;SEASHELLS;4004.0;5
455700;Remy;Vinnie;ROSES;SEASHELLS;14325.0;5
455800;Vinnie;Vladimir;STRAWBERRIES;SEASHELLS;4005.0;6
456200;Remy;Vinnie;ROSES;SEASHELLS;14334.0;1
457000;Remy;Vinnie;CHOCOLATE;SEASHELLS;7771.0;5
457000;Vinnie;Remy;ROSES;SEASHELLS;14331.0;1
457100;Vinnie;Vladimir;STRAWBERRIES;SEASHELLS;4005.0;12
457600;Vinnie;Remy;CHOCOLATE;SEASHELLS;7768.0;7
457800;Remy;Vinnie;CHOCOLATE;SEASHELLS;7768.0;8
457900;Vinnie;Ruby;GIFT_BASKET;SEASHELLS;69911.0;1
458100;Rhianna;Vladimir;GIFT_BASKET;SEASHELLS;69926.0;5
458600;Ruby;Vinnie;GIFT_BASKET;SEASHELLS;69910.0;1
458700;Vinnie;Remy;ROSES;SEASHELLS;14333.0;2
459000;Vinnie;Remy;CHOCOLATE;SEASHELLS;7765.0;7
459200;Vinnie;Remy;ROSES;SEASHELLS;14330.0;2
459600;Vinnie;Remy;STRAWBERRIES;SEASHELLS;4002.0;7
459700;Remy;Vinnie;STRAWBERRIES;SEASHELLS;4003.0;4
459800;Rhianna;Vinnie;GIFT_BASKET;SEASHELLS;69935.0;2
460100;Vinnie;Vladimir;STRAWBERRIES;SEASHELLS;4002.0;7
460100;Remy;Vinnie;ROSES;SEASHELLS;14335.0;1
460400;Remy;Vinnie;STRAWBERRIES;SEASHELLS;4004.0;6
460700;Vinnie;Remy;STRAWBERRIES;SEASHELLS;4004.0;9
460800;Remy;Vinnie;ROSES;SEASHELLS;14330.0;3
461000;Ruby;Vinnie;GIFT_BASKET;SEASHELLS;69898.0;1
461300;Vinnie;Remy;STRAWBERRIES;SEASHELLS;4002.0;7
461800;Remy;Vinnie;STRAWBERRIES;SEASHELLS;4004.0;8
461900;Remy;Vinnie;CHOCOLATE;SEASHELLS;7766.0;7
462100;Remy;Vinnie;CHOCOLATE;SEASHELLS;7764.0;5
462700;Remy;Vinnie;ROSES;SEASHELLS;14317.0;3
463000;Remy;Vinnie;STRAWBERRIES;SEASHELLS;4005.0;6
463200;Vinnie;Vladimir;STRAWBERRIES;SEASHELLS;4003.0;4
463400;Vinnie;Rhianna;GIFT_BASKET;SEASHELLS;69849.0;1
463400;Vladimir;Rhianna;GIFT_BASKET;SEASHELLS;69848.0;1
463700;Vinnie;Remy;ROSES;SEASHELLS;14326.0;1
463800;Remy;Vinnie;ROSES;SEASHELLS;14328.0;2
463900;Vinnie;Remy;STRAWBERRIES;SEASHELLS;4003.0;7
464000;Vinnie;Remy;ROSES;SEASHELLS;14330.0;1
464100;Vinnie;Remy;ROSES;SEASHELLS;14327.0;2
465600;Vinnie;Remy;ROSES;SEASHELLS;14330.0;5
465900;Vinnie;Vladimir;CHOCOLATE;SEASHELLS;7751.0;4
466400;Remy;Vinnie;ROSES;SEASHELLS;14338.0;1
466700;Vinnie;Remy;CHOCOLATE;SEASHELLS;7753.0;8
466800;Vinnie;Remy;ROSES;SEASHELLS;14333.0;4
467200;Remy;Vinnie;ROSES;SEASHELLS;14338.0;2
467300;Vinnie;Remy;STRAWBERRIES;SEASHELLS;4001.0;4
467400;Remy;Vinnie;ROSES;SEASHELLS;14335.0;4
467700;Vinnie;Remy;ROSES;SEASHELLS;14333.0;4
468300;Vinnie;Remy;STRAWBERRIES;SEASHELLS;4002.0;10
468400;Remy;Vinnie;STRAWBERRIES;SEASHELLS;4003.0;6
468700;Vinnie;Vladimir;ROSES;SEASHELLS;14328.0;10
469100;Remy;Vinnie;STRAWBERRIES;SEASHELLS;4004.0;4
469200;Remy;Vinnie;STRAWBERRIES;SEASHELLS;4004.0;8
469500;Vinnie;Remy;ROSES;SEASHELLS;14332.0;4
469500;Vinnie;Remy;STRAWBERRIES;SEASHELLS;4003.0;6
469700;Vinnie;Remy;CHOCOLATE;SEASHELLS;7753.0;6
469800;Remy;Vinnie;CHOCOLATE;SEASHELLS;7755.0;6
470200;Vinnie;Vladimir;STRAWBERRIES;SEASHELLS;4003.0;12
470900;Remy;Vinnie;STRAWBERRIES;SEASHELLS;4005.0;5
471300;Remy;Vinnie;CHOCOLATE;SEASHELLS;7750.0;6
471700;Remy;Vinnie;STRAWBERRIES;SEASHELLS;4005.0;7
472300;Vinnie;Remy;ROSES;SEASHELLS;14330.0;5
472800;Vinnie;Vladimir;STRAWBERRIES;SEASHELLS;4003.0;7
473300;Remy;Vinnie;ROSES;SEASHELLS;14328.0;3
473600;Vinnie;Remy;CHOCOLATE;SEASHELLS;7740.0;7
473700;Vinnie;Remy;CHOCOLATE;SEASHELLS;7740.0;7
474000;Remy;Vinnie;CHOCOLATE;SEASHELLS;7740.0;8
474100;Vinnie;Remy;STRAWBERRIES;SEASHELLS;4003.0;9
474400;Remy;Vinnie;CHOCOLATE;SEASHELLS;7738.0;6
474600;Vinnie;Vladimir;CHOCOLATE;SEASHELLS;7739.0;9
475100;Vinnie;Remy;ROSES;SEASHELLS;14333.0;5
475100;Vinnie;Remy;CHOCOLATE;SEASHELLS;7740.0;6
475100;Remy;Vinnie;STRAWBERRIES;SEASHELLS;4005.0;7
475400;Vinnie;Remy;CHOCOLATE;SEASHELLS;7737.0;6
475400;Vinnie;Remy;STRAWBERRIES;SEASHELLS;4004.0;8
475600;Vinnie;Remy;ROSES;SEASHELLS;14328.0;3
476100;Vinnie;Remy;STRAWBERRIES;SEASHELLS;4004.0;10
476200;Vinnie;Vladimir;CHOCOLATE;SEASHELLS;7736.0;9
476300;Vinnie;Remy;STRAWBERRIES;SEASHELLS;4004.0;5
476600;Vinnie;Vladimir;STRAWBERRIES;SEASHELLS;4004.0;9
476700;Vinnie;Vladimir;CHOCOLATE;SEASHELLS;7734.0;5
476900;Vinnie;Remy;ROSES;SEASHELLS;14325.0;4
477000;Vinnie;Remy;STRAWBERRIES;SEASHELLS;4003.0;10
477000;Remy;Vinnie;CHOCOLATE;SEASHELLS;7736.0;6
477100;Vinnie;Remy;ROSES;SEASHELLS;14321.0;5
477400;Vinnie;Vladimir;ROSES;SEASHELLS;14320.0;9
477500;Rhianna;Vinnie;GIFT_BASKET;SEASHELLS;69820.0;1
477500;Vinnie;Remy;STRAWBERRIES;SEASHELLS;4004.0;10
477500;Rhianna;Vladimir;GIFT_BASKET;SEASHELLS;69820.0;6
477600;Vinnie;Remy;ROSES;SEASHELLS;14316.0;1
477600;Vinnie;Remy;STRAWBERRIES;SEASHELLS;4003.0;4
477700;Ruby;Vinnie;GIFT_BASKET;SEASHELLS;69805.0;1
477800;Vinnie;Remy;STRAWBERRIES;SEASHELLS;4003.0;7
478000;Vinnie;Remy;CHOCOLATE;SEASHELLS;7732.0;8
478100;Remy;Vinnie;CHOCOLATE;SEASHELLS;7734.0;7
478800;Vinnie;Vladimir;CHOCOLATE;SEASHELLS;7729.0;5
478800;Vladimir;Ruby;GIFT_BASKET;SEASHELLS;69772.0;10
478900;Vinnie;Remy;ROSES;SEASHELLS;14320.0;2
478900;Remy;Vinnie;CHOCOLATE;SEASHELLS;7729.0;5
479000;Ruby;Vinnie;GIFT_BASKET;SEASHELLS;69771.0;2
479400;Remy;Vinnie;STRAWBERRIES;SEASHELLS;4002.0;4
479500;Vinnie;Remy;ROSES;SEASHELLS;14322.0;1
479500;Vinnie;Remy;CHOCOLATE;SEASHELLS;7735.0;6
480300;Vinnie;Vladimir;STRAWBERRIES;SEASHELLS;3999.0;10
480700;Vinnie;Vladimir;STRAWBERRIES;SEASHELLS;4000.0;11
481700;Vinnie;Remy;ROSES;SEASHELLS;14322.0;2
482100;Rhianna;Vladimir;GIFT_BASKET;SEASHELLS;69767.0;6
482100;Rhianna;Vinnie;GIFT_BASKET;SEASHELLS;69767.0;2
482200;Vinnie;Vladimir;CHOCOLATE;SEASHELLS;7729.0;6
482500;Vinnie;Vladimir;CHOCOLATE;SEASHELLS;7726.0;5
482800;Vinnie;Rhianna;GIFT_BASKET;SEASHELLS;69774.0;2
482800;Vladimir;Rhianna;GIFT_BASKET;SEASHELLS;69774.0;3
482800;Vinnie;Vladimir;CHOCOLATE;SEASHELLS;7727.0;4
482800;Vinnie;Remy;CHOCOLATE;SEASHELLS;7727.0;8
483300;Vinnie;Remy;ROSES;SEASHELLS;14317.0;1
483500;Vinnie;Remy;ROSES;SEASHELLS;14321.0;3
484000;Vinnie;Remy;ROSES;SEASHELLS;14314.0;2
484200;Ruby;Vinnie;GIFT_BASKET;SEASHELLS;69779.0;2
484900;Vinnie;Remy;CHOCOLATE;SEASHELLS;7733.0;8
485300;Vinnie;Vladimir;STRAWBERRIES;SEASHELLS;3999.0;9
485500;Vinnie;Remy;CHOCOLATE;SEASHELLS;7735.0;6
485800;Remy;Vinnie;CHOCOLATE;SEASHELLS;7737.0;8
486100;Remy;Vinnie;ROSES;SEASHELLS;14293.0;3
486300;Remy;Vinnie;CHOCOLATE;SEASHELLS;7734.0;7
486300;Remy;Vinnie;ROSES;SEASHELLS;14293.0;5
486400;Vinnie;Vladimir;STRAWBERRIES;SEASHELLS;3997.0;6
486700;Vinnie;Remy;CHOCOLATE;SEASHELLS;7732.0;6
486900;Vinnie;Vladimir;CHOCOLATE;SEASHELLS;7731.0;5
487000;Vinnie;Vladimir;STRAWBERRIES;SEASHELLS;3997.0;6
487100;Remy;Vinnie;ROSES;SEASHELLS;14285.0;2
487400;Remy;Vinnie;STRAWBERRIES;SEASHELLS;3998.0;9
487400;Vinnie;Remy;ROSES;SEASHELLS;14294.0;5
487500;Vinnie;Vladimir;ROSES;SEASHELLS;14292.0;5
487500;Remy;Vinnie;ROSES;SEASHELLS;14293.0;4
487900;Vinnie;Remy;CHOCOLATE;SEASHELLS;7732.0;6
488200;Vinnie;Remy;STRAWBERRIES;SEASHELLS;3996.0;5
488600;Vinnie;Ruby;GIFT_BASKET;SEASHELLS;69713.0;1
489000;Vinnie;Vladimir;STRAWBERRIES;SEASHELLS;3995.0;7
489300;Vinnie;Remy;STRAWBERRIES;SEASHELLS;3995.0;8
489700;Vinnie;Remy;STRAWBERRIES;SEASHELLS;3996.0;10
489700;Vinnie;Vladimir;STRAWBERRIES;SEASHELLS;3996.0;4
490500;Remy;Vinnie;ROSES;SEASHELLS;14289.0;4
491100;Remy;Vinnie;STRAWBERRIES;SEASHELLS;3998.0;8
491400;Vinnie;Remy;STRAWBERRIES;SEASHELLS;3997.0;6
491400;Vinnie;Remy;ROSES;SEASHELLS;14289.0;5
491900;Vinnie;Vladimir;CHOCOLATE;SEASHELLS;7728.0;7
491900;Rhianna;Vinnie;GIFT_BASKET;SEASHELLS;69698.0;1
491900;Rhianna;Vladimir;GIFT_BASKET;SEASHELLS;69698.0;5
492200;Vinnie;Ruby;GIFT_BASKET;SEASHELLS;69689.0;2
492400;Remy;Vinnie;STRAWBERRIES;SEASHELLS;3999.0;9
492600;Vinnie;Remy;CHOCOLATE;SEASHELLS;7726.0;8
492800;Remy;Vinnie;STRAWBERRIES;SEASHELLS;4000.0;8
493300;Remy;Vinnie;ROSES;SEASHELLS;14293.0;4
493400;Remy;Vinnie;ROSES;SEASHELLS;14291.0;2
493500;Vinnie;Vladimir;STRAWBERRIES;SEASHELLS;3999.0;5
493600;Vinnie;Remy;CHOCOLATE;SEASHELLS;7726.0;7
493800;Vinnie;Vladimir;STRAWBERRIES;SEASHELLS;4000.0;9
494000;Vladimir;Vinnie;GIFT_BASKET;SEASHELLS;69713.0;1
494000;Remy;Vinnie;STRAWBERRIES;SEASHELLS;4002.0;5
494600;Vinnie;Remy;CHOCOLATE;SEASHELLS;7730.0;7
495000;Remy;Vinnie;ROSES;SEASHELLS;14283.0;1
495200;Vinnie;Remy;CHOCOLATE;SEASHELLS;7730.0;7
495400;Remy;Vinnie;ROSES;SEASHELLS;14280.0;2
495500;Vinnie;Remy;CHOCOLATE;SEASHELLS;7731.0;5
495900;Vinnie;Remy;STRAWBERRIES;SEASHELLS;4003.0;4
496100;Remy;Vinnie;STRAWBERRIES;SEASHELLS;4004.0;6
496200;Remy;Vinnie;CHOCOLATE;SEASHELLS;7733.0;8
496300;Remy;Vinnie;ROSES;SEASHELLS;14271.0;3
496400;Remy;Vinnie;STRAWBERRIES;SEASHELLS;4004.0;10
496500;Vinnie;Vladimir;ROSES;SEASHELLS;14270.0;4
496800;Remy;Vinnie;ROSES;SEASHELLS;14265.0;4
497000;Remy;Vinnie;CHOCOLATE;SEASHELLS;7732.0;5
497100;Remy;Vinnie;CHOCOLATE;SEASHELLS;7731.0;5
497500;Vinnie;Vladimir;STRAWBERRIES;SEASHELLS;4004.0;9
497500;Remy;Vinnie;CHOCOLATE;SEASHELLS;7730.0;8
497700;Vinnie;Vladimir;ROSES;SEASHELLS;14255.0;11
498000;Vinnie;Remy;STRAWBERRIES;SEASHELLS;4004.0;10
500100;Vladimir;Ruby;GIFT_BASKET;SEASHELLS;69705.0;9
500500;Ruby;Vinnie;GIFT_BASKET;SEASHELLS;69735.0;2
500500;Remy;Vinnie;CHOCOLATE;SEASHELLS;7728.0;5
500800;Vinnie;Remy;ROSES;SEASHELLS;14271.0;2
501000;Vinnie;Vladimir;CHOCOLATE;SEASHELLS;7725.0;4
501000;Remy;Vinnie;STRAWBERRIES;SEASHELLS;4007.0;5
501600;Vladimir;Ruby;GIFT_BASKET;SEASHELLS;69731.0;7
501700;Vinnie;Remy;STRAWBERRIES;SEASHELLS;4008.0;4
501800;Vinnie;Remy;CHOCOLATE;SEASHELLS;7731.0;5
502200;Remy;Vinnie;CHOCOLATE;SEASHELLS;7733.0;6
502300;Remy;Vinnie;ROSES;SEASHELLS;14263.0;2
502400;Vinnie;Remy;CHOCOLATE;SEASHELLS;7732.0;8
502800;Vinnie;Remy;STRAWBERRIES;SEASHELLS;4009.0;5
503100;Remy;Vinnie;ROSES;SEASHELLS;14247.0;1
504000;Remy;Vinnie;ROSES;SEASHELLS;14243.0;2
504500;Remy;Vinnie;STRAWBERRIES;SEASHELLS;4009.0;5
504900;Remy;Vinnie;ROSES;SEASHELLS;14222.0;4
505500;Vinnie;Remy;ROSES;SEASHELLS;14236.0;3
505600;Vinnie;Remy;STRAWBERRIES;SEASHELLS;4006.0;6
505600;Vinnie;Remy;ROSES;SEASHELLS;14236.0;4
506000;Remy;Vinnie;STRAWBERRIES;SEASHELLS;4009.0;10
506100;Remy;Vinnie;STRAWBERRIES;SEASHELLS;4009.0;6
506600;Vinnie;Vladimir;CHOCOLATE;SEASHELLS;7734.0;10
506700;Remy;Vinnie;ROSES;SEASHELLS;14244.0;3
507700;Vinnie;Vladimir;CHOCOLATE;SEASHELLS;7735.0;10
508100;Vinnie;Vladimir;ROSES;SEASHELLS;14250.0;3
508400;Vladimir;Rhianna;GIFT_BASKET;SEASHELLS;69705.0;4
508400;Remy;Vinnie;STRAWBERRIES;SEASHELLS;4007.0;10
508600;Remy;Vinnie;STRAWBERRIES;SEASHELLS;4007.0;4
508800;Vinnie;Remy;CHOCOLATE;SEASHELLS;7735.0;7
509300;Remy;Vinnie;ROSES;SEASHELLS;14247.0;2
509700;Remy;Vinnie;ROSES;SEASHELLS;14239.0;5
509800;Rhianna;Vladimir;GIFT_BASKET;SEASHELLS;69734.0;6
510300;Vinnie;Remy;STRAWBERRIES;SEASHELLS;4005.0;6
510500;Remy;Vinnie;STRAWBERRIES;SEASHELLS;4005.0;5
512000;Vinnie;Remy;CHOCOLATE;SEASHELLS;7741.0;8
512100;Remy;Vinnie;STRAWBERRIES;SEASHELLS;4006.0;10
512300;Vinnie;Vladimir;CHOCOLATE;SEASHELLS;7741.0;10
512400;Vinnie;Vladimir;CHOCOLATE;SEASHELLS;7741.0;7
513100;Remy;Vinnie;STRAWBERRIES;SEASHELLS;4006.0;4
513400;Vinnie;Rhianna;GIFT_BASKET;SEASHELLS;69753.0;2
514000;Vladimir;Rhianna;GIFT_BASKET;SEASHELLS;69732.0;6
514000;Vinnie;Rhianna;GIFT_BASKET;SEASHELLS;69733.0;1
514500;Remy;Vinnie;CHOCOLATE;SEASHELLS;7733.0;5
515300;Ruby;Vladimir;GIFT_BASKET;SEASHELLS;69773.0;10
515400;Vinnie;Vladimir;STRAWBERRIES;SEASHELLS;4007.0;5
515600;Remy;Vinnie;CHOCOLATE;SEASHELLS;7735.0;6
516500;Remy;Vinnie;CHOCOLATE;SEASHELLS;7736.0;8
516900;Vinnie;Vladimir;STRAWBERRIES;SEASHELLS;4007.0;9
517000;Ruby;Vinnie;GIFT_BASKET;SEASHELLS;69718.0;2
517100;Vinnie;Remy;CHOCOLATE;SEASHELLS;7729.0;5
517300;Remy;Vinnie;CHOCOLATE;SEASHELLS;7731.0;8
517300;Vinnie;Vladimir;ROSES;SEASHELLS;14233.0;7
517700;Remy;Vinnie;STRAWBERRIES;SEASHELLS;4010.0;10
517700;Vinnie;Remy;ROSES;SEASHELLS;14236.0;1
518100;Vinnie;Remy;ROSES;SEASHELLS;14236.0;5
518400;Vinnie;Remy;ROSES;SEASHELLS;14235.0;4
518400;Vinnie;Vladimir;ROSES;SEASHELLS;14235.0;3
518900;Vinnie;Remy;CHOCOLATE;SEASHELLS;7733.0;5
519100;Vinnie;Remy;CHOCOLATE;SEASHELLS;7735.0;8
519700;Vladimir;Rhianna;GIFT_BASKET;SEASHELLS;69731.0;2
519700;Vinnie;Rhianna;GIFT_BASKET;SEASHELLS;69732.0;2
