timestamp;buyer;seller;symbol;currency;price;quantity
200;;;STRAWBERRIES;SEASHELLS;4029.0;11
200;;;STRAWBERRIES;SEASHELLS;4031.0;9
700;;;STRAWBERRIES;SEASHELLS;4030.0;6
1000;;;CHOCOLATE;SEASHELLS;7991.0;7
1000;;;ROSES;SEASHELLS;14550.0;4
1100;;;ROSES;SEASHELLS;14551.0;5
1400;;;CHOCOLATE;SEASHELLS;7989.0;6
1500;;;STRAWBERRIES;SEASHELLS;4030.0;10
1500;;;STRAWBERRIES;SEASHELLS;4030.0;8
1500;;;ROSES;SEASHELLS;14551.0;7
1600;;;STRAWBERRIES;SEASHELLS;4030.0;4
1700;;;STRAWBERRIES;SEASHELLS;4030.0;8
1900;;;ROSES;SEASHELLS;14553.0;2
2100;;;ROSES;SEASHELLS;14557.0;8
2200;;;ROSES;SEASHELLS;14554.0;3
2300;;;GIFT_BASKET;SEASHELLS;71138.0;1
2300;;;GIFT_BASKET;SEASHELLS;71139.0;2
2400;;;CHOCOLATE;SEASHELLS;7990.0;7
2600;;;ROSES;SEASHELLS;14561.0;5
2700;;;ROSES;SEASHELLS;14561.0;5
3300;;;CHOCOLATE;SEASHELLS;7990.0;7
3500;;;ROSES;SEASHELLS;14563.0;2
3600;;;CHOCOLATE;SEASHELLS;7989.0;5
4400;;;STRAWBERRIES;SEASHELLS;4032.0;6
4600;;;STRAWBERRIES;SEASHELLS;4033.0;5
4600;;;STRAWBERRIES;SEASHELLS;4032.0;9
4900;;;CHOCOLATE;SEASHELLS;7986.0;4
5500;;;STRAWBERRIES;SEASHELLS;4032.0;9
5600;;;GIFT_BASKET;SEASHELLS;71120.0;2
6100;;;STRAWBERRIES;SEASHELLS;4032.0;4
6300;;;CHOCOLATE;SEASHELLS;7989.0;4
6400;;;STRAWBERRIES;SEASHELLS;4031.0;6
6700;;;STRAWBERRIES;SEASHELLS;4033.0;9
6800;;;CHOCOLATE;SEASHELLS;7990.0;5
6900;;;ROSES;SEASHELLS;14572.0;8
6900;;;ROSES;SEASHELLS;14572.0;5
7400;;;ROSES;SEASHELLS;14572.0;1
7600;;;CHOCOLATE;SEASHELLS;7986.0;9
7700;;;STRAWBERRIES;SEASHELLS;4032.0;10
8000;;;CHOCOLATE;SEASHELLS;7986.0;6
8100;;;ROSES;SEASHELLS;14570.0;5
8200;;;STRAWBERRIES;SEASHELLS;4029.0;5
8500;;;STRAWBERRIES;SEASHELLS;4029.0;3
8600;;;CHOCOLATE;SEASHELLS;7988.0;5
9100;;;STRAWBERRIES;SEASHELLS;4030.0;5
9300;;;CHOCOLATE;SEASHELLS;7992.0;7
9300;;;ROSES;SEASHELLS;14567.0;5
9400;;;STRAWBERRIES;SEASHELLS;4028.0;9
9500;;;ROSES;SEASHELLS;14566.0;4
9500;;;CHOCOLATE;SEASHELLS;7991.0;5
10200;;;STRAWBERRIES;SEASHELLS;4028.0;7
10500;;;ROSES;SEASHELLS;14556.0;5
10800;;;CHOCOLATE;SEASHELLS;7984.0;6
11900;;;STRAWBERRIES;SEASHELLS;4027.0;7
12200;;;ROSES;SEASHELLS;14560.0;1
12400;;;STRAWBERRIES;SEASHELLS;4027.0;7
12700;;;CHOCOLATE;SEASHELLS;7982.0;10
13100;;;STRAWBERRIES;SEASHELLS;4029.0;9
13200;;;ROSES;SEASHELLS;14564.0;5
13200;;;ROSES;SEASHELLS;14564.0;8
13300;;;CHOCOLATE;SEASHELLS;7985.0;7
13300;;;STRAWBERRIES;SEASHELLS;4027.0;10
13400;;;ROSES;SEASHELLS;14569.0;5
13700;;;STRAWBERRIES;SEASHELLS;4028.0;12
13800;;;GIFT_BASKET;SEASHELLS;71061.0;2
14600;;;STRAWBERRIES;SEASHELLS;4029.0;4
14700;;;STRAWBERRIES;SEASHELLS;4030.0;3
14900;;;ROSES;SEASHELLS;14552.0;5
15100;;;STRAWBERRIES;SEASHELLS;4030.0;4
15300;;;ROSES;SEASHELLS;14553.0;4
15400;;;STRAWBERRIES;SEASHELLS;4032.0;6
15400;;;CHOCOLATE;SEASHELLS;7984.0;6
15700;;;ROSES;SEASHELLS;14555.0;2
16300;;;CHOCOLATE;SEASHELLS;7986.0;8
16300;;;STRAWBERRIES;SEASHELLS;4030.0;12
17100;;;GIFT_BASKET;SEASHELLS;71062.0;1
17700;;;ROSES;SEASHELLS;14552.0;10
17900;;;ROSES;SEASHELLS;14556.0;5
18100;;;STRAWBERRIES;SEASHELLS;4029.0;12
18500;;;CHOCOLATE;SEASHELLS;7988.0;9
18600;;;ROSES;SEASHELLS;14554.0;5
18700;;;STRAWBERRIES;SEASHELLS;4029.0;9
19100;;;CHOCOLATE;SEASHELLS;7989.0;8
19400;;;CHOCOLATE;SEASHELLS;7991.0;5
19500;;;ROSES;SEASHELLS;14554.0;5
19500;;;CHOCOLATE;SEASHELLS;7992.0;6
19800;;;CHOCOLATE;SEASHELLS;7992.0;7
19800;;;ROSES;SEASHELLS;14560.0;2
19900;;;CHOCOLATE;SEASHELLS;7991.0;6
20100;;;ROSES;SEASHELLS;14557.0;5
20100;;;GIFT_BASKET;SEASHELLS;71123.0;1
20300;;;STRAWBERRIES;SEASHELLS;4033.0;7
20700;;;STRAWBERRIES;SEASHELLS;4030.0;9
20900;;;ROSES;SEASHELLS;14559.0;3
21100;;;CHOCOLATE;SEASHELLS;7995.0;8
21100;;;STRAWBERRIES;SEASHELLS;4031.0;5
21300;;;GIFT_BASKET;SEASHELLS;71131.0;4
21500;;;ROSES;SEASHELLS;14556.0;3
22200;;;ROSES;SEASHELLS;14550.0;2
22400;;;GIFT_BASKET;SEASHELLS;71149.0;5
22900;;;STRAWBERRIES;SEASHELLS;4033.0;4
23600;;;ROSES;SEASHELLS;14545.0;5
24000;;;STRAWBERRIES;SEASHELLS;4035.0;7
24100;;;STRAWBERRIES;SEASHELLS;4036.0;6
24100;;;CHOCOLATE;SEASHELLS;7992.0;5
24300;;;ROSES;SEASHELLS;14537.0;2
25100;;;STRAWBERRIES;SEASHELLS;4036.0;10
25100;;;CHOCOLATE;SEASHELLS;7992.0;5
25200;;;CHOCOLATE;SEASHELLS;7993.0;8
25300;;;GIFT_BASKET;SEASHELLS;71111.0;1
25700;;;STRAWBERRIES;SEASHELLS;4035.0;6
25700;;;ROSES;SEASHELLS;14557.0;5
25800;;;STRAWBERRIES;SEASHELLS;4035.0;9
25900;;;ROSES;SEASHELLS;14554.0;2
26100;;;STRAWBERRIES;SEASHELLS;4034.0;9
27000;;;GIFT_BASKET;SEASHELLS;71142.0;1
27000;;;CHOCOLATE;SEASHELLS;7994.0;6
27200;;;ROSES;SEASHELLS;14555.0;5
27300;;;ROSES;SEASHELLS;14555.0;1
28400;;;CHOCOLATE;SEASHELLS;7993.0;7
28400;;;ROSES;SEASHELLS;14549.0;1
29000;;;STRAWBERRIES;SEASHELLS;4037.0;7
30000;;;GIFT_BASKET;SEASHELLS;71110.0;2
30100;;;CHOCOLATE;SEASHELLS;7994.0;5
30200;;;STRAWBERRIES;SEASHELLS;4036.0;10
30500;;;STRAWBERRIES;SEASHELLS;4036.0;7
30900;;;ROSES;SEASHELLS;14547.0;1
31200;;;ROSES;SEASHELLS;14540.0;1
31300;;;STRAWBERRIES;SEASHELLS;4035.0;4
31800;;;ROSES;SEASHELLS;14547.0;4
32500;;;STRAWBERRIES;SEASHELLS;4034.0;3
32700;;;STRAWBERRIES;SEASHELLS;4034.0;4
32800;;;ROSES;SEASHELLS;14549.0;4
32800;;;CHOCOLATE;SEASHELLS;7995.0;7
32900;;;CHOCOLATE;SEASHELLS;7993.0;7
33300;;;STRAWBERRIES;SEASHELLS;4033.0;4
33400;;;ROSES;SEASHELLS;14549.0;4
33700;;;CHOCOLATE;SEASHELLS;7997.0;8
34800;;;STRAWBERRIES;SEASHELLS;4033.0;11
34800;;;STRAWBERRIES;SEASHELLS;4034.0;8
35200;;;CHOCOLATE;SEASHELLS;7999.0;8
35200;;;STRAWBERRIES;SEASHELLS;4033.0;7
35600;;;STRAWBERRIES;SEASHELLS;4033.0;6
35700;;;ROSES;SEASHELLS;14545.0;1
36000;;;ROSES;SEASHELLS;14550.0;2
36100;;;STRAWBERRIES;SEASHELLS;4035.0;7
36300;;;STRAWBERRIES;SEASHELLS;4035.0;12
36400;;;ROSES;SEASHELLS;14554.0;1
36600;;;ROSES;SEASHELLS;14549.0;5
36700;;;STRAWBERRIES;SEASHELLS;4037.0;7
37400;;;GIFT_BASKET;SEASHELLS;71152.0;4
37500;;;CHOCOLATE;SEASHELLS;7993.0;8
37500;;;ROSES;SEASHELLS;14548.0;7
37600;;;ROSES;SEASHELLS;14545.0;5
38400;;;ROSES;SEASHELLS;14554.0;5
38400;;;STRAWBERRIES;SEASHELLS;4038.0;6
38600;;;STRAWBERRIES;SEASHELLS;4038.0;7
38700;;;ROSES;SEASHELLS;14555.0;1
38900;;;ROSES;SEASHELLS;14559.0;5
39200;;;GIFT_BASKET;SEASHELLS;71139.0;10
39700;;;CHOCOLATE;SEASHELLS;7988.0;5
39800;;;CHOCOLATE;SEASHELLS;7989.0;6
40200;;;STRAWBERRIES;SEASHELLS;4037.0;4
40500;;;STRAWBERRIES;SEASHELLS;4037.0;5
40900;;;ROSES;SEASHELLS;14564.0;5
41100;;;STRAWBERRIES;SEASHELLS;4036.0;6
41200;;;STRAWBERRIES;SEASHELLS;4036.0;10
41200;;;GIFT_BASKET;SEASHELLS;71126.0;10
41400;;;STRAWBERRIES;SEASHELLS;4036.0;3
41900;;;STRAWBERRIES;SEASHELLS;4038.0;5
42300;;;ROSES;SEASHELLS;14547.0;3
42400;;;GIFT_BASKET;SEASHELLS;71137.0;2
42500;;;STRAWBERRIES;SEASHELLS;4038.0;12
42500;;;ROSES;SEASHELLS;14554.0;3
43100;;;STRAWBERRIES;SEASHELLS;4036.0;6
43400;;;STRAWBERRIES;SEASHELLS;4037.0;6
43500;;;CHOCOLATE;SEASHELLS;7994.0;8
44100;;;GIFT_BASKET;SEASHELLS;71135.0;2
44200;;;CHOCOLATE;SEASHELLS;7998.0;8
44400;;;STRAWBERRIES;SEASHELLS;4039.0;4
44600;;;GIFT_BASKET;SEASHELLS;71139.0;4
44600;;;GIFT_BASKET;SEASHELLS;71139.0;1
44800;;;GIFT_BASKET;SEASHELLS;71142.0;8
45100;;;STRAWBERRIES;SEASHELLS;4039.0;8
45300;;;GIFT_BASKET;SEASHELLS;71157.0;5
46300;;;ROSES;SEASHELLS;14542.0;3
46600;;;STRAWBERRIES;SEASHELLS;4038.0;10
46700;;;ROSES;SEASHELLS;14536.0;2
47000;;;STRAWBERRIES;SEASHELLS;4036.0;11
47000;;;ROSES;SEASHELLS;14542.0;1
47800;;;STRAWBERRIES;SEASHELLS;4036.0;10
48000;;;ROSES;SEASHELLS;14558.0;3
48100;;;STRAWBERRIES;SEASHELLS;4038.0;7
48700;;;ROSES;SEASHELLS;14571.0;1
48800;;;STRAWBERRIES;SEASHELLS;4036.0;8
49400;;;STRAWBERRIES;SEASHELLS;4036.0;8
49600;;;CHOCOLATE;SEASHELLS;7989.0;7
50400;;;STRAWBERRIES;SEASHELLS;4038.0;9
50600;;;ROSES;SEASHELLS;14589.0;5
51000;;;STRAWBERRIES;SEASHELLS;4039.0;6
51300;;;CHOCOLATE;SEASHELLS;7991.0;5
52700;;;STRAWBERRIES;SEASHELLS;4038.0;11
52700;;;CHOCOLATE;SEASHELLS;7991.0;6
52800;;;STRAWBERRIES;SEASHELLS;4038.0;8
53000;;;ROSES;SEASHELLS;14589.0;2
53100;;;GIFT_BASKET;SEASHELLS;71122.0;2
53100;;;GIFT_BASKET;SEASHELLS;71122.0;4
53600;;;STRAWBERRIES;SEASHELLS;4036.0;5
53800;;;CHOCOLATE;SEASHELLS;7985.0;7
54400;;;CHOCOLATE;SEASHELLS;7981.0;4
54400;;;STRAWBERRIES;SEASHELLS;4037.0;3
54500;;;ROSES;SEASHELLS;14600.0;4
54700;;;ROSES;SEASHELLS;14599.0;5
54800;;;ROSES;SEASHELLS;14597.0;1
55200;;;STRAWBERRIES;SEASHELLS;4039.0;6
55200;;;GIFT_BASKET;SEASHELLS;71101.0;1
55300;;;CHOCOLATE;SEASHELLS;7982.0;5
55300;;;ROSES;SEASHELLS;14580.0;4
55400;;;GIFT_BASKET;SEASHELLS;71108.0;1
55500;;;GIFT_BASKET;SEASHELLS;71101.0;1
55500;;;GIFT_BASKET;SEASHELLS;71096.0;2
55700;;;ROSES;SEASHELLS;14577.0;1
55900;;;STRAWBERRIES;SEASHELLS;4038.0;9
56000;;;STRAWBERRIES;SEASHELLS;4039.0;5
56700;;;STRAWBERRIES;SEASHELLS;4039.0;10
57300;;;STRAWBERRIES;SEASHELLS;4037.0;10
57500;;;ROSES;SEASHELLS;14591.0;1
57600;;;ROSES;SEASHELLS;14590.0;3
57700;;;STRAWBERRIES;SEASHELLS;4037.0;11
57800;;;GIFT_BASKET;SEASHELLS;71132.0;2
58100;;;ROSES;SEASHELLS;14584.0;4
58400;;;GIFT_BASKET;SEASHELLS;71173.0;8
58900;;;STRAWBERRIES;SEASHELLS;4038.0;8
59000;;;GIFT_BASKET;SEASHELLS;71172.0;5
59000;;;GIFT_BASKET;SEASHELLS;71172.0;1
59100;;;STRAWBERRIES;SEASHELLS;4038.0;7
59600;;;ROSES;SEASHELLS;14591.0;2
60000;;;ROSES;SEASHELLS;14587.0;4
60100;;;CHOCOLATE;SEASHELLS;7982.0;6
60100;;;ROSES;SEASHELLS;14588.0;4
60200;;;GIFT_BASKET;SEASHELLS;71174.0;1
60300;;;ROSES;SEASHELLS;14589.0;3
60400;;;STRAWBERRIES;SEASHELLS;4037.0;4
60600;;;CHOCOLATE;SEASHELLS;7981.0;5
61100;;;STRAWBERRIES;SEASHELLS;4036.0;10
61400;;;ROSES;SEASHELLS;14596.0;3
61400;;;CHOCOLATE;SEASHELLS;7989.0;6
62000;;;GIFT_BASKET;SEASHELLS;71187.0;3
62300;;;GIFT_BASKET;SEASHELLS;71200.0;7
62600;;;CHOCOLATE;SEASHELLS;7990.0;7
62700;;;ROSES;SEASHELLS;14588.0;5
63000;;;ROSES;SEASHELLS;14589.0;2
63200;;;STRAWBERRIES;SEASHELLS;4040.0;9
63600;;;ROSES;SEASHELLS;14587.0;3
64100;;;STRAWBERRIES;SEASHELLS;4041.0;7
64300;;;STRAWBERRIES;SEASHELLS;4042.0;8
64700;;;STRAWBERRIES;SEASHELLS;4041.0;8
65000;;;STRAWBERRIES;SEASHELLS;4043.0;7
65200;;;STRAWBERRIES;SEASHELLS;4042.0;12
65300;;;ROSES;SEASHELLS;14608.0;1
65600;;;CHOCOLATE;SEASHELLS;7994.0;5
65900;;;ROSES;SEASHELLS;14593.0;1
66500;;;CHOCOLATE;SEASHELLS;8000.0;5
67400;;;CHOCOLATE;SEASHELLS;7996.0;5
67600;;;CHOCOLATE;SEASHELLS;7997.0;9
68000;;;ROSES;SEASHELLS;14580.0;1
68500;;;CHOCOLATE;SEASHELLS;7997.0;7
68600;;;GIFT_BASKET;SEASHELLS;71215.0;5
69300;;;ROSES;SEASHELLS;14594.0;5
69700;;;GIFT_BASKET;SEASHELLS;71251.0;2
70100;;;STRAWBERRIES;SEASHELLS;4041.0;4
70100;;;STRAWBERRIES;SEASHELLS;4040.0;4
70200;;;ROSES;SEASHELLS;14595.0;1
70400;;;GIFT_BASKET;SEASHELLS;71246.0;2
70400;;;STRAWBERRIES;SEASHELLS;4039.0;5
70900;;;ROSES;SEASHELLS;14598.0;4
70900;;;STRAWBERRIES;SEASHELLS;4040.0;9
71000;;;GIFT_BASKET;SEASHELLS;71268.0;2
71100;;;STRAWBERRIES;SEASHELLS;4041.0;9
71200;;;STRAWBERRIES;SEASHELLS;4042.0;9
71900;;;CHOCOLATE;SEASHELLS;7998.0;5
72100;;;CHOCOLATE;SEASHELLS;7998.0;8
72200;;;CHOCOLATE;SEASHELLS;7999.0;7
72400;;;CHOCOLATE;SEASHELLS;8000.0;6
72600;;;GIFT_BASKET;SEASHELLS;71266.0;4
72900;;;STRAWBERRIES;SEASHELLS;4041.0;5
73100;;;STRAWBERRIES;SEASHELLS;4040.0;4
73700;;;STRAWBERRIES;SEASHELLS;4040.0;8
73900;;;CHOCOLATE;SEASHELLS;7996.0;5
74600;;;ROSES;SEASHELLS;14597.0;4
74800;;;STRAWBERRIES;SEASHELLS;4039.0;12
75100;;;ROSES;SEASHELLS;14607.0;2
75200;;;CHOCOLATE;SEASHELLS;7994.0;6
75500;;;STRAWBERRIES;SEASHELLS;4039.0;4
75600;;;ROSES;SEASHELLS;14598.0;5
75900;;;CHOCOLATE;SEASHELLS;7994.0;8
76000;;;GIFT_BASKET;SEASHELLS;71207.0;4
76000;;;GIFT_BASKET;SEASHELLS;71207.0;1
76900;;;GIFT_BASKET;SEASHELLS;71193.0;4
76900;;;GIFT_BASKET;SEASHELLS;71193.0;2
77100;;;CHOCOLATE;SEASHELLS;7993.0;7
77500;;;CHOCOLATE;SEASHELLS;7995.0;8
77500;;;STRAWBERRIES;SEASHELLS;4038.0;8
77600;;;ROSES;SEASHELLS;14613.0;2
77900;;;CHOCOLATE;SEASHELLS;7995.0;7
78300;;;ROSES;SEASHELLS;14613.0;5
78500;;;CHOCOLATE;SEASHELLS;7995.0;8
78600;;;STRAWBERRIES;SEASHELLS;4039.0;7
78700;;;STRAWBERRIES;SEASHELLS;4038.0;3
78900;;;CHOCOLATE;SEASHELLS;7996.0;4
79000;;;ROSES;SEASHELLS;14604.0;5
79000;;;GIFT_BASKET;SEASHELLS;71183.0;1
79100;;;ROSES;SEASHELLS;14604.0;4
79100;;;CHOCOLATE;SEASHELLS;8000.0;8
79300;;;STRAWBERRIES;SEASHELLS;4039.0;10
79400;;;GIFT_BASKET;SEASHELLS;71184.0;6
79700;;;ROSES;SEASHELLS;14599.0;6
80000;;;ROSES;SEASHELLS;14604.0;2
80200;;;STRAWBERRIES;SEASHELLS;4036.0;7
80700;;;GIFT_BASKET;SEASHELLS;71170.0;2
81200;;;ROSES;SEASHELLS;14616.0;2
81300;;;STRAWBERRIES;SEASHELLS;4037.0;8
81500;;;STRAWBERRIES;SEASHELLS;4035.0;4
81800;;;STRAWBERRIES;SEASHELLS;4036.0;4
82300;;;GIFT_BASKET;SEASHELLS;71148.0;2
82400;;;ROSES;SEASHELLS;14620.0;1
83300;;;STRAWBERRIES;SEASHELLS;4038.0;6
83500;;;ROSES;SEASHELLS;14605.0;10
83500;;;CHOCOLATE;SEASHELLS;7990.0;8
84000;;;CHOCOLATE;SEASHELLS;7987.0;7
85000;;;CHOCOLATE;SEASHELLS;7993.0;8
85500;;;STRAWBERRIES;SEASHELLS;4038.0;8
86500;;;ROSES;SEASHELLS;14587.0;3
86600;;;STRAWBERRIES;SEASHELLS;4037.0;9
86700;;;STRAWBERRIES;SEASHELLS;4038.0;7
87000;;;CHOCOLATE;SEASHELLS;7992.0;5
87300;;;STRAWBERRIES;SEASHELLS;4037.0;10
87700;;;ROSES;SEASHELLS;14597.0;2
88200;;;ROSES;SEASHELLS;14594.0;9
88900;;;STRAWBERRIES;SEASHELLS;4036.0;9
89100;;;STRAWBERRIES;SEASHELLS;4037.0;8
89300;;;GIFT_BASKET;SEASHELLS;71087.0;8
89400;;;STRAWBERRIES;SEASHELLS;4037.0;10
89700;;;STRAWBERRIES;SEASHELLS;4038.0;5
90200;;;CHOCOLATE;SEASHELLS;7990.0;7
91100;;;ROSES;SEASHELLS;14607.0;3
91300;;;CHOCOLATE;SEASHELLS;7988.0;8
91600;;;ROSES;SEASHELLS;14614.0;2
92000;;;STRAWBERRIES;SEASHELLS;4033.0;10
92100;;;GIFT_BASKET;SEASHELLS;71058.0;2
92100;;;GIFT_BASKET;SEASHELLS;71057.0;1
92500;;;GIFT_BASKET;SEASHELLS;71094.0;2
92500;;;ROSES;SEASHELLS;14615.0;1
92800;;;GIFT_BASKET;SEASHELLS;71103.0;1
92800;;;ROSES;SEASHELLS;14618.0;6
92800;;;GIFT_BASKET;SEASHELLS;71103.0;3
93600;;;STRAWBERRIES;SEASHELLS;4032.0;7
93700;;;STRAWBERRIES;SEASHELLS;4032.0;9
93800;;;STRAWBERRIES;SEASHELLS;4034.0;8
94000;;;CHOCOLATE;SEASHELLS;7987.0;6
94600;;;CHOCOLATE;SEASHELLS;7986.0;8
94900;;;STRAWBERRIES;SEASHELLS;4032.0;12
95100;;;STRAWBERRIES;SEASHELLS;4032.0;7
95400;;;ROSES;SEASHELLS;14604.0;3
95500;;;CHOCOLATE;SEASHELLS;7984.0;7
95900;;;ROSES;SEASHELLS;14598.0;4
96000;;;STRAWBERRIES;SEASHELLS;4031.0;5
96100;;;CHOCOLATE;SEASHELLS;7982.0;7
96200;;;STRAWBERRIES;SEASHELLS;4031.0;5
96400;;;CHOCOLATE;SEASHELLS;7983.0;5
97100;;;STRAWBERRIES;SEASHELLS;4031.0;9
97100;;;STRAWBERRIES;SEASHELLS;4029.0;7
97800;;;GIFT_BASKET;SEASHELLS;70977.0;2
98000;;;ROSES;SEASHELLS;14616.0;3
98200;;;GIFT_BASKET;SEASHELLS;70995.0;10
98500;;;CHOCOLATE;SEASHELLS;7976.0;9
98700;;;CHOCOLATE;SEASHELLS;7978.0;8
98800;;;CHOCOLATE;SEASHELLS;7978.0;7
98900;;;STRAWBERRIES;SEASHELLS;4030.0;7
99200;;;STRAWBERRIES;SEASHELLS;4030.0;6
99400;;;STRAWBERRIES;SEASHELLS;4028.0;9
99400;;;CHOCOLATE;SEASHELLS;7976.0;6
99500;;;ROSES;SEASHELLS;14630.0;4
100300;;;CHOCOLATE;SEASHELLS;7975.0;5
100400;;;ROSES;SEASHELLS;14624.0;5
101400;;;ROSES;SEASHELLS;14620.0;4
101400;;;GIFT_BASKET;SEASHELLS;70979.0;2
101500;;;GIFT_BASKET;SEASHELLS;70972.0;1
101500;;;ROSES;SEASHELLS;14617.0;3
101600;;;GIFT_BASKET;SEASHELLS;70989.0;8
101700;;;CHOCOLATE;SEASHELLS;7967.0;6
101700;;;ROSES;SEASHELLS;14617.0;3
101900;;;ROSES;SEASHELLS;14620.0;2
101900;;;STRAWBERRIES;SEASHELLS;4029.0;4
102000;;;ROSES;SEASHELLS;14618.0;5
102100;;;GIFT_BASKET;SEASHELLS;70974.0;7
102100;;;CHOCOLATE;SEASHELLS;7971.0;8
102200;;;CHOCOLATE;SEASHELLS;7970.0;8
102300;;;CHOCOLATE;SEASHELLS;7970.0;6
102400;;;ROSES;SEASHELLS;14602.0;4
103200;;;STRAWBERRIES;SEASHELLS;4028.0;7
104000;;;ROSES;SEASHELLS;14604.0;2
104000;;;GIFT_BASKET;SEASHELLS;70952.0;2
104100;;;CHOCOLATE;SEASHELLS;7970.0;5
104300;;;GIFT_BASKET;SEASHELLS;70922.0;8
104500;;;STRAWBERRIES;SEASHELLS;4027.0;7
104600;;;ROSES;SEASHELLS;14600.0;11
104700;;;STRAWBERRIES;SEASHELLS;4028.0;11
104800;;;CHOCOLATE;SEASHELLS;7970.0;8
106400;;;STRAWBERRIES;SEASHELLS;4028.0;8
106600;;;CHOCOLATE;SEASHELLS;7974.0;8
106800;;;STRAWBERRIES;SEASHELLS;4028.0;6
107200;;;CHOCOLATE;SEASHELLS;7975.0;9
107200;;;STRAWBERRIES;SEASHELLS;4028.0;7
107300;;;GIFT_BASKET;SEASHELLS;70958.0;2
107300;;;ROSES;SEASHELLS;14587.0;3
107500;;;ROSES;SEASHELLS;14591.0;5
108000;;;STRAWBERRIES;SEASHELLS;4027.0;10
108100;;;CHOCOLATE;SEASHELLS;7978.0;6
108400;;;STRAWBERRIES;SEASHELLS;4028.0;8
108500;;;ROSES;SEASHELLS;14596.0;3
108600;;;STRAWBERRIES;SEASHELLS;4027.0;3
108600;;;CHOCOLATE;SEASHELLS;7977.0;6
108700;;;STRAWBERRIES;SEASHELLS;4029.0;7
109300;;;STRAWBERRIES;SEASHELLS;4029.0;11
109300;;;CHOCOLATE;SEASHELLS;7977.0;7
109500;;;STRAWBERRIES;SEASHELLS;4030.0;6
109500;;;ROSES;SEASHELLS;14600.0;2
109700;;;STRAWBERRIES;SEASHELLS;4028.0;4
109900;;;ROSES;SEASHELLS;14599.0;4
110400;;;ROSES;SEASHELLS;14589.0;3
111400;;;STRAWBERRIES;SEASHELLS;4027.0;8
111500;;;ROSES;SEASHELLS;14579.0;2
112000;;;CHOCOLATE;SEASHELLS;7973.0;7
112200;;;ROSES;SEASHELLS;14573.0;2
112500;;;STRAWBERRIES;SEASHELLS;4029.0;10
112900;;;ROSES;SEASHELLS;14572.0;2
113100;;;CHOCOLATE;SEASHELLS;7968.0;8
113400;;;STRAWBERRIES;SEASHELLS;4029.0;9
114400;;;ROSES;SEASHELLS;14567.0;3
114600;;;GIFT_BASKET;SEASHELLS;70967.0;9
114700;;;ROSES;SEASHELLS;14578.0;1
114900;;;GIFT_BASKET;SEASHELLS;70960.0;1
114900;;;STRAWBERRIES;SEASHELLS;4031.0;9
115100;;;GIFT_BASKET;SEASHELLS;70961.0;3
115100;;;GIFT_BASKET;SEASHELLS;70967.0;3
115400;;;GIFT_BASKET;SEASHELLS;70965.0;1
115500;;;STRAWBERRIES;SEASHELLS;4031.0;3
116600;;;ROSES;SEASHELLS;14555.0;3
116800;;;ROSES;SEASHELLS;14555.0;4
117000;;;STRAWBERRIES;SEASHELLS;4030.0;4
117500;;;STRAWBERRIES;SEASHELLS;4031.0;7
119200;;;ROSES;SEASHELLS;14564.0;5
119200;;;CHOCOLATE;SEASHELLS;7976.0;5
120100;;;STRAWBERRIES;SEASHELLS;4033.0;9
120500;;;GIFT_BASKET;SEASHELLS;71014.0;1
120600;;;STRAWBERRIES;SEASHELLS;4031.0;9
121000;;;GIFT_BASKET;SEASHELLS;70982.0;6
121100;;;CHOCOLATE;SEASHELLS;7979.0;5
121300;;;CHOCOLATE;SEASHELLS;7979.0;6
121300;;;GIFT_BASKET;SEASHELLS;70977.0;2
121300;;;GIFT_BASKET;SEASHELLS;70976.0;3
121800;;;STRAWBERRIES;SEASHELLS;4034.0;5
121800;;;ROSES;SEASHELLS;14553.0;1
121900;;;GIFT_BASKET;SEASHELLS;70987.0;2
122300;;;CHOCOLATE;SEASHELLS;7970.0;10
122800;;;STRAWBERRIES;SEASHELLS;4033.0;5
123000;;;CHOCOLATE;SEASHELLS;7970.0;6
123100;;;STRAWBERRIES;SEASHELLS;4033.0;4
123400;;;ROSES;SEASHELLS;14564.0;1
124000;;;STRAWBERRIES;SEASHELLS;4032.0;4
124400;;;GIFT_BASKET;SEASHELLS;71009.0;1
124400;;;GIFT_BASKET;SEASHELLS;71008.0;7
124700;;;CHOCOLATE;SEASHELLS;7969.0;8
125000;;;CHOCOLATE;SEASHELLS;7971.0;8
125400;;;CHOCOLATE;SEASHELLS;7970.0;8
125500;;;CHOCOLATE;SEASHELLS;7970.0;7
126500;;;STRAWBERRIES;SEASHELLS;4033.0;7
126800;;;ROSES;SEASHELLS;14590.0;4
126800;;;STRAWBERRIES;SEASHELLS;4035.0;7
126900;;;CHOCOLATE;SEASHELLS;7976.0;7
128300;;;CHOCOLATE;SEASHELLS;7980.0;8
128400;;;ROSES;SEASHELLS;14583.0;3
129100;;;STRAWBERRIES;SEASHELLS;4032.0;11
129400;;;CHOCOLATE;SEASHELLS;7978.0;7
129400;;;STRAWBERRIES;SEASHELLS;4032.0;4
129400;;;ROSES;SEASHELLS;14588.0;8
129500;;;CHOCOLATE;SEASHELLS;7977.0;6
130000;;;CHOCOLATE;SEASHELLS;7977.0;5
130200;;;ROSES;SEASHELLS;14590.0;5
130300;;;STRAWBERRIES;SEASHELLS;4030.0;5
130700;;;CHOCOLATE;SEASHELLS;7977.0;4
131000;;;CHOCOLATE;SEASHELLS;7975.0;7
131100;;;ROSES;SEASHELLS;14586.0;3
131400;;;ROSES;SEASHELLS;14586.0;2
131700;;;STRAWBERRIES;SEASHELLS;4031.0;9
132000;;;STRAWBERRIES;SEASHELLS;4030.0;10
132300;;;CHOCOLATE;SEASHELLS;7973.0;7
132600;;;ROSES;SEASHELLS;14592.0;2
133400;;;CHOCOLATE;SEASHELLS;7970.0;8
133600;;;STRAWBERRIES;SEASHELLS;4031.0;4
133700;;;STRAWBERRIES;SEASHELLS;4031.0;9
133700;;;ROSES;SEASHELLS;14590.0;4
134100;;;STRAWBERRIES;SEASHELLS;4031.0;7
134200;;;CHOCOLATE;SEASHELLS;7972.0;5
134300;;;STRAWBERRIES;SEASHELLS;4031.0;4
134400;;;STRAWBERRIES;SEASHELLS;4030.0;8
134500;;;STRAWBERRIES;SEASHELLS;4031.0;11
135200;;;STRAWBERRIES;SEASHELLS;4032.0;10
135400;;;STRAWBERRIES;SEASHELLS;4030.0;5
135800;;;ROSES;SEASHELLS;14581.0;5
136200;;;ROSES;SEASHELLS;14579.0;5
136200;;;STRAWBERRIES;SEASHELLS;4032.0;6
136600;;;CHOCOLATE;SEASHELLS;7976.0;7
136900;;;ROSES;SEASHELLS;14569.0;2
137000;;;CHOCOLATE;SEASHELLS;7978.0;5
137400;;;STRAWBERRIES;SEASHELLS;4033.0;6
137600;;;ROSES;SEASHELLS;14565.0;5
138600;;;STRAWBERRIES;SEASHELLS;4033.0;6
139000;;;CHOCOLATE;SEASHELLS;7982.0;8
139300;;;STRAWBERRIES;SEASHELLS;4034.0;8
139400;;;ROSES;SEASHELLS;14569.0;5
139900;;;CHOCOLATE;SEASHELLS;7981.0;9
139900;;;GIFT_BASKET;SEASHELLS;71049.0;2
140700;;;CHOCOLATE;SEASHELLS;7978.0;4
140700;;;STRAWBERRIES;SEASHELLS;4034.0;8
141200;;;CHOCOLATE;SEASHELLS;7975.0;8
141500;;;ROSES;SEASHELLS;14585.0;3
141800;;;ROSES;SEASHELLS;14586.0;5
142800;;;ROSES;SEASHELLS;14574.0;3
142900;;;STRAWBERRIES;SEASHELLS;4032.0;4
142900;;;ROSES;SEASHELLS;14574.0;5
143600;;;ROSES;SEASHELLS;14577.0;4
143800;;;STRAWBERRIES;SEASHELLS;4033.0;8
144000;;;ROSES;SEASHELLS;14573.0;2
144200;;;ROSES;SEASHELLS;14571.0;5
144600;;;ROSES;SEASHELLS;14563.0;4
145100;;;STRAWBERRIES;SEASHELLS;4033.0;4
145400;;;GIFT_BASKET;SEASHELLS;70971.0;2
145400;;;CHOCOLATE;SEASHELLS;7967.0;6
145800;;;ROSES;SEASHELLS;14569.0;2
145900;;;STRAWBERRIES;SEASHELLS;4035.0;10
146100;;;ROSES;SEASHELLS;14573.0;4
146800;;;CHOCOLATE;SEASHELLS;7961.0;8
147000;;;GIFT_BASKET;SEASHELLS;70979.0;2
147500;;;CHOCOLATE;SEASHELLS;7962.0;7
147900;;;CHOCOLATE;SEASHELLS;7962.0;6
148300;;;ROSES;SEASHELLS;14568.0;11
148500;;;STRAWBERRIES;SEASHELLS;4030.0;7
148800;;;ROSES;SEASHELLS;14562.0;1
149500;;;STRAWBERRIES;SEASHELLS;4029.0;7
149700;;;STRAWBERRIES;SEASHELLS;4029.0;9
149900;;;ROSES;SEASHELLS;14567.0;5
150100;;;ROSES;SEASHELLS;14566.0;1
150200;;;CHOCOLATE;SEASHELLS;7962.0;8
150200;;;ROSES;SEASHELLS;14567.0;4
150300;;;STRAWBERRIES;SEASHELLS;4030.0;4
150800;;;ROSES;SEASHELLS;14562.0;5
151600;;;STRAWBERRIES;SEASHELLS;4028.0;8
151700;;;STRAWBERRIES;SEASHELLS;4028.0;7
151700;;;CHOCOLATE;SEASHELLS;7965.0;7
151800;;;STRAWBERRIES;SEASHELLS;4028.0;8
151800;;;STRAWBERRIES;SEASHELLS;4028.0;6
151900;;;STRAWBERRIES;SEASHELLS;4028.0;9
152400;;;STRAWBERRIES;SEASHELLS;4027.0;7
152900;;;STRAWBERRIES;SEASHELLS;4028.0;7
153000;;;ROSES;SEASHELLS;14553.0;1
153000;;;STRAWBERRIES;SEASHELLS;4026.0;6
153800;;;ROSES;SEASHELLS;14580.0;3
153800;;;CHOCOLATE;SEASHELLS;7968.0;6
153900;;;GIFT_BASKET;SEASHELLS;70916.0;8
154300;;;STRAWBERRIES;SEASHELLS;4024.0;9
154300;;;ROSES;SEASHELLS;14581.0;5
154700;;;STRAWBERRIES;SEASHELLS;4025.0;7
154800;;;ROSES;SEASHELLS;14582.0;7
154900;;;GIFT_BASKET;SEASHELLS;70912.0;1
155100;;;STRAWBERRIES;SEASHELLS;4026.0;5
155600;;;STRAWBERRIES;SEASHELLS;4025.0;11
156000;;;ROSES;SEASHELLS;14579.0;5
157400;;;CHOCOLATE;SEASHELLS;7960.0;4
157700;;;STRAWBERRIES;SEASHELLS;4024.0;9
158100;;;GIFT_BASKET;SEASHELLS;70867.0;2
159300;;;ROSES;SEASHELLS;14562.0;3
160100;;;CHOCOLATE;SEASHELLS;7954.0;8
161300;;;ROSES;SEASHELLS;14548.0;2
161300;;;STRAWBERRIES;SEASHELLS;4029.0;8
161500;;;CHOCOLATE;SEASHELLS;7952.0;7
161700;;;STRAWBERRIES;SEASHELLS;4029.0;3
161900;;;ROSES;SEASHELLS;14541.0;4
162100;;;STRAWBERRIES;SEASHELLS;4028.0;5
162500;;;STRAWBERRIES;SEASHELLS;4030.0;7
163000;;;CHOCOLATE;SEASHELLS;7948.0;8
163300;;;CHOCOLATE;SEASHELLS;7951.0;5
163600;;;GIFT_BASKET;SEASHELLS;70847.0;6
163600;;;GIFT_BASKET;SEASHELLS;70848.0;2
163900;;;STRAWBERRIES;SEASHELLS;4029.0;4
164000;;;ROSES;SEASHELLS;14531.0;2
164900;;;STRAWBERRIES;SEASHELLS;4029.0;8
165200;;;GIFT_BASKET;SEASHELLS;70845.0;3
165200;;;GIFT_BASKET;SEASHELLS;70846.0;2
165700;;;GIFT_BASKET;SEASHELLS;70862.0;6
165700;;;GIFT_BASKET;SEASHELLS;70863.0;1
166000;;;ROSES;SEASHELLS;14537.0;11
166100;;;STRAWBERRIES;SEASHELLS;4031.0;8
166100;;;ROSES;SEASHELLS;14536.0;7
166100;;;ROSES;SEASHELLS;14537.0;4
166200;;;STRAWBERRIES;SEASHELLS;4031.0;7
166400;;;GIFT_BASKET;SEASHELLS;70880.0;2
166500;;;CHOCOLATE;SEASHELLS;7953.0;9
166800;;;GIFT_BASKET;SEASHELLS;70865.0;4
166800;;;GIFT_BASKET;SEASHELLS;70870.0;2
167000;;;CHOCOLATE;SEASHELLS;7954.0;6
167200;;;GIFT_BASKET;SEASHELLS;70841.0;1
167800;;;CHOCOLATE;SEASHELLS;7949.0;5
168000;;;CHOCOLATE;SEASHELLS;7949.0;6
168300;;;ROSES;SEASHELLS;14527.0;3
168500;;;STRAWBERRIES;SEASHELLS;4031.0;8
169700;;;STRAWBERRIES;SEASHELLS;4030.0;3
170100;;;CHOCOLATE;SEASHELLS;7950.0;8
170900;;;GIFT_BASKET;SEASHELLS;70808.0;1
170900;;;GIFT_BASKET;SEASHELLS;70807.0;4
171200;;;STRAWBERRIES;SEASHELLS;4030.0;12
171400;;;STRAWBERRIES;SEASHELLS;4028.0;4
171500;;;STRAWBERRIES;SEASHELLS;4028.0;3
171700;;;ROSES;SEASHELLS;14493.0;2
171700;;;CHOCOLATE;SEASHELLS;7949.0;8
172500;;;STRAWBERRIES;SEASHELLS;4031.0;7
172700;;;STRAWBERRIES;SEASHELLS;4031.0;10
172900;;;CHOCOLATE;SEASHELLS;7948.0;5
173100;;;CHOCOLATE;SEASHELLS;7948.0;6
173200;;;ROSES;SEASHELLS;14503.0;3
173300;;;STRAWBERRIES;SEASHELLS;4029.0;4
173300;;;ROSES;SEASHELLS;14506.0;2
173400;;;ROSES;SEASHELLS;14507.0;1
173700;;;STRAWBERRIES;SEASHELLS;4028.0;6
174500;;;ROSES;SEASHELLS;14520.0;1
175000;;;STRAWBERRIES;SEASHELLS;4030.0;8
175100;;;STRAWBERRIES;SEASHELLS;4029.0;8
175500;;;ROSES;SEASHELLS;14522.0;2
175600;;;GIFT_BASKET;SEASHELLS;70845.0;7
175900;;;STRAWBERRIES;SEASHELLS;4029.0;10
176100;;;CHOCOLATE;SEASHELLS;7951.0;7
176500;;;ROSES;SEASHELLS;14528.0;3
176800;;;ROSES;SEASHELLS;14525.0;5
177400;;;ROSES;SEASHELLS;14518.0;2
177500;;;STRAWBERRIES;SEASHELLS;4032.0;7
177600;;;ROSES;SEASHELLS;14513.0;3
178000;;;GIFT_BASKET;SEASHELLS;70878.0;1
178000;;;STRAWBERRIES;SEASHELLS;4031.0;6
178200;;;STRAWBERRIES;SEASHELLS;4031.0;10
179000;;;STRAWBERRIES;SEASHELLS;4029.0;4
179300;;;STRAWBERRIES;SEASHELLS;4031.0;10
179300;;;CHOCOLATE;SEASHELLS;7943.0;6
179600;;;STRAWBERRIES;SEASHELLS;4029.0;7
179900;;;STRAWBERRIES;SEASHELLS;4028.0;4
179900;;;ROSES;SEASHELLS;14490.0;5
180300;;;GIFT_BASKET;SEASHELLS;70780.0;7
180300;;;CHOCOLATE;SEASHELLS;7942.0;7
180600;;;STRAWBERRIES;SEASHELLS;4028.0;8
181100;;;GIFT_BASKET;SEASHELLS;70818.0;1
181200;;;STRAWBERRIES;SEASHELLS;4028.0;3
181400;;;CHOCOLATE;SEASHELLS;7944.0;7
181500;;;CHOCOLATE;SEASHELLS;7943.0;8
181700;;;STRAWBERRIES;SEASHELLS;4030.0;10
181900;;;ROSES;SEASHELLS;14476.0;10
182100;;;CHOCOLATE;SEASHELLS;7942.0;5
182400;;;ROSES;SEASHELLS;14474.0;3
182600;;;CHOCOLATE;SEASHELLS;7940.0;8
183000;;;ROSES;SEASHELLS;14482.0;3
183400;;;STRAWBERRIES;SEASHELLS;4032.0;8
183600;;;GIFT_BASKET;SEASHELLS;70862.0;1
183600;;;GIFT_BASKET;SEASHELLS;70862.0;5
183700;;;ROSES;SEASHELLS;14484.0;1
183800;;;ROSES;SEASHELLS;14485.0;1
184200;;;ROSES;SEASHELLS;14488.0;2
184400;;;ROSES;SEASHELLS;14493.0;5
185000;;;CHOCOLATE;SEASHELLS;7944.0;6
185400;;;STRAWBERRIES;SEASHELLS;4032.0;12
185700;;;GIFT_BASKET;SEASHELLS;70800.0;1
186100;;;CHOCOLATE;SEASHELLS;7945.0;7
186200;;;ROSES;SEASHELLS;14486.0;4
186400;;;ROSES;SEASHELLS;14477.0;3
186400;;;CHOCOLATE;SEASHELLS;7943.0;6
186800;;;STRAWBERRIES;SEASHELLS;4031.0;4
186900;;;CHOCOLATE;SEASHELLS;7944.0;8
187600;;;ROSES;SEASHELLS;14478.0;1
187700;;;STRAWBERRIES;SEASHELLS;4029.0;3
187900;;;CHOCOLATE;SEASHELLS;7942.0;5
188100;;;ROSES;SEASHELLS;14474.0;2
189000;;;ROSES;SEASHELLS;14480.0;5
189300;;;ROSES;SEASHELLS;14469.0;8
189400;;;STRAWBERRIES;SEASHELLS;4030.0;8
189500;;;CHOCOLATE;SEASHELLS;7939.0;6
189600;;;STRAWBERRIES;SEASHELLS;4028.0;6
189700;;;STRAWBERRIES;SEASHELLS;4028.0;5
189800;;;STRAWBERRIES;SEASHELLS;4028.0;8
189900;;;GIFT_BASKET;SEASHELLS;70758.0;7
190200;;;GIFT_BASKET;SEASHELLS;70775.0;9
190300;;;ROSES;SEASHELLS;14468.0;5
191300;;;STRAWBERRIES;SEASHELLS;4028.0;7
191300;;;CHOCOLATE;SEASHELLS;7944.0;9
191400;;;CHOCOLATE;SEASHELLS;7945.0;5
191800;;;ROSES;SEASHELLS;14471.0;3
191800;;;STRAWBERRIES;SEASHELLS;4028.0;5
192300;;;GIFT_BASKET;SEASHELLS;70729.0;1
192300;;;GIFT_BASKET;SEASHELLS;70735.0;5
192300;;;GIFT_BASKET;SEASHELLS;70735.0;1
192900;;;GIFT_BASKET;SEASHELLS;70724.0;5
193000;;;CHOCOLATE;SEASHELLS;7939.0;6
193100;;;CHOCOLATE;SEASHELLS;7938.0;6
193400;;;ROSES;SEASHELLS;14453.0;3
193600;;;GIFT_BASKET;SEASHELLS;70695.0;5
193600;;;CHOCOLATE;SEASHELLS;7938.0;8
194900;;;STRAWBERRIES;SEASHELLS;4025.0;10
195200;;;GIFT_BASKET;SEASHELLS;70666.0;6
195600;;;CHOCOLATE;SEASHELLS;7936.0;5
195700;;;STRAWBERRIES;SEASHELLS;4025.0;3
196000;;;STRAWBERRIES;SEASHELLS;4026.0;9
196600;;;CHOCOLATE;SEASHELLS;7931.0;7
196600;;;ROSES;SEASHELLS;14476.0;1
196900;;;ROSES;SEASHELLS;14481.0;2
197100;;;CHOCOLATE;SEASHELLS;7930.0;8
197500;;;STRAWBERRIES;SEASHELLS;4029.0;8
197700;;;STRAWBERRIES;SEASHELLS;4030.0;8
198200;;;STRAWBERRIES;SEASHELLS;4031.0;4
198500;;;GIFT_BASKET;SEASHELLS;70670.0;6
198700;;;STRAWBERRIES;SEASHELLS;4030.0;6
199200;;;GIFT_BASKET;SEASHELLS;70686.0;1
199400;;;STRAWBERRIES;SEASHELLS;4030.0;9
199500;;;STRAWBERRIES;SEASHELLS;4032.0;4
200100;;;CHOCOLATE;SEASHELLS;7939.0;8
200200;;;STRAWBERRIES;SEASHELLS;4032.0;8
200300;;;STRAWBERRIES;SEASHELLS;4031.0;8
200800;;;ROSES;SEASHELLS;14492.0;5
201000;;;ROSES;SEASHELLS;14493.0;1
201400;;;ROSES;SEASHELLS;14485.0;2
201800;;;GIFT_BASKET;SEASHELLS;70739.0;1
202400;;;CHOCOLATE;SEASHELLS;7945.0;7
203100;;;CHOCOLATE;SEASHELLS;7946.0;7
204600;;;CHOCOLATE;SEASHELLS;7948.0;8
205000;;;STRAWBERRIES;SEASHELLS;4030.0;9
205100;;;CHOCOLATE;SEASHELLS;7948.0;6
205200;;;STRAWBERRIES;SEASHELLS;4029.0;9
205400;;;STRAWBERRIES;SEASHELLS;4030.0;8
205500;;;ROSES;SEASHELLS;14495.0;9
206200;;;ROSES;SEASHELLS;14498.0;1
206300;;;STRAWBERRIES;SEASHELLS;4027.0;10
206500;;;STRAWBERRIES;SEASHELLS;4027.0;5
206600;;;ROSES;SEASHELLS;14501.0;2
206600;;;GIFT_BASKET;SEASHELLS;70819.0;10
207100;;;ROSES;SEASHELLS;14505.0;1
207800;;;CHOCOLATE;SEASHELLS;7950.0;7
207900;;;ROSES;SEASHELLS;14500.0;2
208300;;;CHOCOLATE;SEASHELLS;7952.0;7
209200;;;CHOCOLATE;SEASHELLS;7955.0;6
209500;;;CHOCOLATE;SEASHELLS;7953.0;8
209700;;;STRAWBERRIES;SEASHELLS;4027.0;10
209800;;;STRAWBERRIES;SEASHELLS;4026.0;4
210100;;;STRAWBERRIES;SEASHELLS;4028.0;10
210200;;;CHOCOLATE;SEASHELLS;7955.0;6
210200;;;ROSES;SEASHELLS;14501.0;3
210500;;;CHOCOLATE;SEASHELLS;7954.0;5
210700;;;ROSES;SEASHELLS;14500.0;4
211000;;;CHOCOLATE;SEASHELLS;7958.0;6
211100;;;ROSES;SEASHELLS;14505.0;2
211400;;;ROSES;SEASHELLS;14499.0;4
211600;;;CHOCOLATE;SEASHELLS;7958.0;6
211800;;;CHOCOLATE;SEASHELLS;7958.0;9
212200;;;ROSES;SEASHELLS;14499.0;4
212200;;;CHOCOLATE;SEASHELLS;7958.0;7
212300;;;CHOCOLATE;SEASHELLS;7957.0;8
213000;;;CHOCOLATE;SEASHELLS;7957.0;6
213200;;;GIFT_BASKET;SEASHELLS;70841.0;1
213600;;;STRAWBERRIES;SEASHELLS;4032.0;10
213700;;;GIFT_BASKET;SEASHELLS;70849.0;2
213800;;;ROSES;SEASHELLS;14498.0;2
214500;;;CHOCOLATE;SEASHELLS;7957.0;4
214600;;;CHOCOLATE;SEASHELLS;7954.0;8
214600;;;GIFT_BASKET;SEASHELLS;70865.0;9
214900;;;ROSES;SEASHELLS;14511.0;1
215000;;;CHOCOLATE;SEASHELLS;7958.0;5
215300;;;ROSES;SEASHELLS;14507.0;2
215400;;;CHOCOLATE;SEASHELLS;7958.0;6
215400;;;STRAWBERRIES;SEASHELLS;4032.0;9
215700;;;STRAWBERRIES;SEASHELLS;4033.0;3
215900;;;GIFT_BASKET;SEASHELLS;70884.0;5
215900;;;GIFT_BASKET;SEASHELLS;70884.0;1
216200;;;CHOCOLATE;SEASHELLS;7959.0;5
216400;;;STRAWBERRIES;SEASHELLS;4033.0;6
216900;;;GIFT_BASKET;SEASHELLS;70877.0;2
217600;;;CHOCOLATE;SEASHELLS;7961.0;8
217700;;;GIFT_BASKET;SEASHELLS;70851.0;6
217900;;;CHOCOLATE;SEASHELLS;7964.0;5
218300;;;CHOCOLATE;SEASHELLS;7960.0;10
218300;;;CHOCOLATE;SEASHELLS;7962.0;7
218400;;;ROSES;SEASHELLS;14473.0;1
218600;;;ROSES;SEASHELLS;14466.0;5
218800;;;CHOCOLATE;SEASHELLS;7957.0;5
218900;;;GIFT_BASKET;SEASHELLS;70794.0;1
219100;;;CHOCOLATE;SEASHELLS;7957.0;8
219200;;;CHOCOLATE;SEASHELLS;7955.0;5
219600;;;STRAWBERRIES;SEASHELLS;4030.0;7
220000;;;STRAWBERRIES;SEASHELLS;4031.0;7
220100;;;CHOCOLATE;SEASHELLS;7958.0;8
220200;;;CHOCOLATE;SEASHELLS;7958.0;5
221300;;;ROSES;SEASHELLS;14482.0;4
221400;;;STRAWBERRIES;SEASHELLS;4033.0;4
222200;;;GIFT_BASKET;SEASHELLS;70869.0;1
222200;;;GIFT_BASKET;SEASHELLS;70869.0;2
222600;;;CHOCOLATE;SEASHELLS;7957.0;6
222700;;;STRAWBERRIES;SEASHELLS;4034.0;5
223200;;;ROSES;SEASHELLS;14497.0;3
223300;;;GIFT_BASKET;SEASHELLS;70903.0;2
223300;;;GIFT_BASKET;SEASHELLS;70904.0;1
223600;;;GIFT_BASKET;SEASHELLS;70886.0;2
223800;;;ROSES;SEASHELLS;14496.0;5
223800;;;STRAWBERRIES;SEASHELLS;4031.0;7
224700;;;STRAWBERRIES;SEASHELLS;4033.0;6
224800;;;CHOCOLATE;SEASHELLS;7960.0;6
225000;;;STRAWBERRIES;SEASHELLS;4032.0;5
225300;;;GIFT_BASKET;SEASHELLS;70897.0;2
225300;;;GIFT_BASKET;SEASHELLS;70896.0;6
225500;;;GIFT_BASKET;SEASHELLS;70911.0;2
225700;;;STRAWBERRIES;SEASHELLS;4032.0;10
226400;;;STRAWBERRIES;SEASHELLS;4033.0;4
226500;;;GIFT_BASKET;SEASHELLS;70875.0;1
226500;;;GIFT_BASKET;SEASHELLS;70876.0;2
226600;;;ROSES;SEASHELLS;14475.0;1
227400;;;CHOCOLATE;SEASHELLS;7961.0;6
227500;;;CHOCOLATE;SEASHELLS;7961.0;8
228200;;;GIFT_BASKET;SEASHELLS;70893.0;2
228400;;;CHOCOLATE;SEASHELLS;7959.0;8
228500;;;GIFT_BASKET;SEASHELLS;70872.0;1
229000;;;CHOCOLATE;SEASHELLS;7954.0;6
229100;;;ROSES;SEASHELLS;14482.0;2
229400;;;STRAWBERRIES;SEASHELLS;4031.0;7
229700;;;ROSES;SEASHELLS;14479.0;4
230100;;;CHOCOLATE;SEASHELLS;7953.0;8
230500;;;STRAWBERRIES;SEASHELLS;4031.0;9
230500;;;CHOCOLATE;SEASHELLS;7958.0;5
230600;;;CHOCOLATE;SEASHELLS;7957.0;5
232000;;;GIFT_BASKET;SEASHELLS;70903.0;2
233000;;;CHOCOLATE;SEASHELLS;7954.0;8
233200;;;STRAWBERRIES;SEASHELLS;4036.0;5
233200;;;CHOCOLATE;SEASHELLS;7954.0;8
233300;;;GIFT_BASKET;SEASHELLS;70916.0;1
233400;;;CHOCOLATE;SEASHELLS;7955.0;8
233700;;;CHOCOLATE;SEASHELLS;7955.0;8
233900;;;STRAWBERRIES;SEASHELLS;4035.0;5
234100;;;STRAWBERRIES;SEASHELLS;4035.0;9
234400;;;CHOCOLATE;SEASHELLS;7950.0;4
234600;;;STRAWBERRIES;SEASHELLS;4036.0;8
235200;;;STRAWBERRIES;SEASHELLS;4036.0;11
235800;;;STRAWBERRIES;SEASHELLS;4035.0;7
235800;;;CHOCOLATE;SEASHELLS;7948.0;8
236200;;;STRAWBERRIES;SEASHELLS;4036.0;5
236600;;;GIFT_BASKET;SEASHELLS;70899.0;2
237000;;;ROSES;SEASHELLS;14482.0;5
237700;;;ROSES;SEASHELLS;14486.0;3
238100;;;CHOCOLATE;SEASHELLS;7949.0;6
238300;;;ROSES;SEASHELLS;14483.0;2
238400;;;STRAWBERRIES;SEASHELLS;4034.0;3
238700;;;CHOCOLATE;SEASHELLS;7950.0;8
239300;;;CHOCOLATE;SEASHELLS;7951.0;7
239500;;;ROSES;SEASHELLS;14490.0;4
239600;;;ROSES;SEASHELLS;14496.0;10
239800;;;STRAWBERRIES;SEASHELLS;4036.0;10
239800;;;CHOCOLATE;SEASHELLS;7954.0;7
240100;;;GIFT_BASKET;SEASHELLS;70980.0;1
240100;;;GIFT_BASKET;SEASHELLS;70979.0;1
240300;;;ROSES;SEASHELLS;14497.0;1
240400;;;ROSES;SEASHELLS;14496.0;3
240500;;;STRAWBERRIES;SEASHELLS;4036.0;7
241000;;;ROSES;SEASHELLS;14495.0;3
241100;;;ROSES;SEASHELLS;14493.0;2
241900;;;STRAWBERRIES;SEASHELLS;4036.0;3
242000;;;STRAWBERRIES;SEASHELLS;4038.0;10
242100;;;CHOCOLATE;SEASHELLS;7951.0;8
243100;;;STRAWBERRIES;SEASHELLS;4036.0;7
243300;;;ROSES;SEASHELLS;14485.0;4
243600;;;ROSES;SEASHELLS;14493.0;2
244000;;;GIFT_BASKET;SEASHELLS;71026.0;5
244100;;;ROSES;SEASHELLS;14488.0;1
244200;;;ROSES;SEASHELLS;14487.0;1
244400;;;CHOCOLATE;SEASHELLS;7954.0;6
244500;;;CHOCOLATE;SEASHELLS;7954.0;7
244800;;;STRAWBERRIES;SEASHELLS;4036.0;8
244900;;;STRAWBERRIES;SEASHELLS;4036.0;12
245000;;;STRAWBERRIES;SEASHELLS;4036.0;6
245400;;;STRAWBERRIES;SEASHELLS;4036.0;3
245600;;;STRAWBERRIES;SEASHELLS;4036.0;4
245600;;;ROSES;SEASHELLS;14486.0;11
245800;;;CHOCOLATE;SEASHELLS;7959.0;7
245900;;;GIFT_BASKET;SEASHELLS;71066.0;5
245900;;;GIFT_BASKET;SEASHELLS;71067.0;2
245900;;;CHOCOLATE;SEASHELLS;7960.0;6
246300;;;CHOCOLATE;SEASHELLS;7960.0;5
246800;;;CHOCOLATE;SEASHELLS;7962.0;8
247200;;;STRAWBERRIES;SEASHELLS;4036.0;4
247300;;;STRAWBERRIES;SEASHELLS;4035.0;12
247400;;;ROSES;SEASHELLS;14478.0;6
247400;;;CHOCOLATE;SEASHELLS;7965.0;6
247400;;;STRAWBERRIES;SEASHELLS;4036.0;9
247500;;;STRAWBERRIES;SEASHELLS;4037.0;5
247800;;;ROSES;SEASHELLS;14480.0;3
247900;;;ROSES;SEASHELLS;14480.0;5
248100;;;ROSES;SEASHELLS;14484.0;5
248300;;;ROSES;SEASHELLS;14485.0;11
248500;;;GIFT_BASKET;SEASHELLS;71126.0;2
248500;;;GIFT_BASKET;SEASHELLS;71125.0;6
248900;;;ROSES;SEASHELLS;14480.0;1
249300;;;CHOCOLATE;SEASHELLS;7972.0;5
249300;;;STRAWBERRIES;SEASHELLS;4038.0;7
249700;;;ROSES;SEASHELLS;14503.0;1
250000;;;GIFT_BASKET;SEASHELLS;71163.0;1
250100;;;CHOCOLATE;SEASHELLS;7975.0;7
250500;;;GIFT_BASKET;SEASHELLS;71137.0;2
251000;;;CHOCOLATE;SEASHELLS;7972.0;6
251000;;;STRAWBERRIES;SEASHELLS;4038.0;5
251100;;;ROSES;SEASHELLS;14487.0;5
251400;;;ROSES;SEASHELLS;14483.0;1
251400;;;GIFT_BASKET;SEASHELLS;71107.0;1
251400;;;GIFT_BASKET;SEASHELLS;71106.0;2
251600;;;CHOCOLATE;SEASHELLS;7974.0;5
251800;;;STRAWBERRIES;SEASHELLS;4036.0;8
252000;;;CHOCOLATE;SEASHELLS;7977.0;8
252100;;;CHOCOLATE;SEASHELLS;7974.0;4
252200;;;GIFT_BASKET;SEASHELLS;71129.0;6
252200;;;STRAWBERRIES;SEASHELLS;4038.0;4
252200;;;GIFT_BASKET;SEASHELLS;71129.0;2
252200;;;ROSES;SEASHELLS;14480.0;10
252600;;;ROSES;SEASHELLS;14480.0;2
253800;;;STRAWBERRIES;SEASHELLS;4039.0;6
254200;;;STRAWBERRIES;SEASHELLS;4036.0;9
254400;;;CHOCOLATE;SEASHELLS;7978.0;5
254500;;;STRAWBERRIES;SEASHELLS;4035.0;8
255000;;;STRAWBERRIES;SEASHELLS;4036.0;10
255200;;;ROSES;SEASHELLS;14492.0;2
255400;;;GIFT_BASKET;SEASHELLS;71117.0;2
256000;;;STRAWBERRIES;SEASHELLS;4036.0;7
256100;;;STRAWBERRIES;SEASHELLS;4037.0;8
256900;;;ROSES;SEASHELLS;14509.0;2
257200;;;STRAWBERRIES;SEASHELLS;4038.0;4
258300;;;GIFT_BASKET;SEASHELLS;71224.0;2
258700;;;GIFT_BASKET;SEASHELLS;71209.0;5
259000;;;CHOCOLATE;SEASHELLS;7988.0;6
260200;;;CHOCOLATE;SEASHELLS;7982.0;8
260400;;;ROSES;SEASHELLS;14499.0;4
260700;;;CHOCOLATE;SEASHELLS;7982.0;5
260800;;;STRAWBERRIES;SEASHELLS;4036.0;7
261600;;;CHOCOLATE;SEASHELLS;7980.0;6
261800;;;CHOCOLATE;SEASHELLS;7982.0;7
262900;;;ROSES;SEASHELLS;14508.0;1
263000;;;STRAWBERRIES;SEASHELLS;4034.0;11
263100;;;STRAWBERRIES;SEASHELLS;4033.0;8
263100;;;STRAWBERRIES;SEASHELLS;4033.0;9
263400;;;ROSES;SEASHELLS;14520.0;3
263600;;;CHOCOLATE;SEASHELLS;7981.0;8
263800;;;ROSES;SEASHELLS;14526.0;5
263900;;;CHOCOLATE;SEASHELLS;7976.0;7
264400;;;STRAWBERRIES;SEASHELLS;4035.0;7
264400;;;ROSES;SEASHELLS;14523.0;1
264700;;;CHOCOLATE;SEASHELLS;7980.0;7
264900;;;GIFT_BASKET;SEASHELLS;71122.0;5
265000;;;STRAWBERRIES;SEASHELLS;4034.0;10
265300;;;STRAWBERRIES;SEASHELLS;4033.0;11
265300;;;STRAWBERRIES;SEASHELLS;4033.0;10
265400;;;CHOCOLATE;SEASHELLS;7979.0;6
265900;;;CHOCOLATE;SEASHELLS;7982.0;6
266100;;;ROSES;SEASHELLS;14531.0;3
267200;;;CHOCOLATE;SEASHELLS;7978.0;6
268000;;;STRAWBERRIES;SEASHELLS;4035.0;7
268700;;;STRAWBERRIES;SEASHELLS;4035.0;3
268900;;;STRAWBERRIES;SEASHELLS;4038.0;5
269300;;;CHOCOLATE;SEASHELLS;7975.0;8
270200;;;ROSES;SEASHELLS;14559.0;4
270700;;;CHOCOLATE;SEASHELLS;7976.0;6
270900;;;ROSES;SEASHELLS;14557.0;2
271000;;;STRAWBERRIES;SEASHELLS;4034.0;10
271000;;;GIFT_BASKET;SEASHELLS;71195.0;2
271200;;;STRAWBERRIES;SEASHELLS;4035.0;5
271700;;;STRAWBERRIES;SEASHELLS;4034.0;10
271700;;;ROSES;SEASHELLS;14567.0;2
271800;;;CHOCOLATE;SEASHELLS;7975.0;7
272000;;;CHOCOLATE;SEASHELLS;7973.0;5
272100;;;CHOCOLATE;SEASHELLS;7975.0;6
272300;;;STRAWBERRIES;SEASHELLS;4034.0;9
272700;;;STRAWBERRIES;SEASHELLS;4035.0;5
272800;;;STRAWBERRIES;SEASHELLS;4034.0;7
272900;;;STRAWBERRIES;SEASHELLS;4033.0;4
273100;;;STRAWBERRIES;SEASHELLS;4033.0;5
273500;;;STRAWBERRIES;SEASHELLS;4035.0;11
273700;;;STRAWBERRIES;SEASHELLS;4037.0;9
274000;;;STRAWBERRIES;SEASHELLS;4037.0;9
274200;;;CHOCOLATE;SEASHELLS;7978.0;8
274400;;;CHOCOLATE;SEASHELLS;7979.0;7
274400;;;STRAWBERRIES;SEASHELLS;4036.0;4
274600;;;GIFT_BASKET;SEASHELLS;71160.0;5
274700;;;STRAWBERRIES;SEASHELLS;4035.0;11
275200;;;ROSES;SEASHELLS;14563.0;6
275800;;;ROSES;SEASHELLS;14571.0;4
275900;;;ROSES;SEASHELLS;14567.0;11
276100;;;GIFT_BASKET;SEASHELLS;71184.0;2
276100;;;GIFT_BASKET;SEASHELLS;71184.0;1
276100;;;GIFT_BASKET;SEASHELLS;71189.0;3
276200;;;CHOCOLATE;SEASHELLS;7973.0;5
276400;;;CHOCOLATE;SEASHELLS;7975.0;7
277400;;;GIFT_BASKET;SEASHELLS;71222.0;10
277500;;;STRAWBERRIES;SEASHELLS;4037.0;10
277800;;;CHOCOLATE;SEASHELLS;7970.0;7
278000;;;GIFT_BASKET;SEASHELLS;71222.0;1
278900;;;CHOCOLATE;SEASHELLS;7975.0;7
279200;;;CHOCOLATE;SEASHELLS;7975.0;7
280300;;;ROSES;SEASHELLS;14620.0;4
280400;;;CHOCOLATE;SEASHELLS;7976.0;5
280600;;;GIFT_BASKET;SEASHELLS;71220.0;1
280800;;;ROSES;SEASHELLS;14616.0;4
281100;;;STRAWBERRIES;SEASHELLS;4039.0;9
281100;;;CHOCOLATE;SEASHELLS;7978.0;6
281200;;;STRAWBERRIES;SEASHELLS;4039.0;7
281200;;;ROSES;SEASHELLS;14618.0;3
281300;;;CHOCOLATE;SEASHELLS;7981.0;8
281600;;;ROSES;SEASHELLS;14616.0;2
281700;;;CHOCOLATE;SEASHELLS;7980.0;8
281800;;;CHOCOLATE;SEASHELLS;7981.0;5
281900;;;ROSES;SEASHELLS;14622.0;3
282300;;;CHOCOLATE;SEASHELLS;7984.0;7
282900;;;GIFT_BASKET;SEASHELLS;71274.0;1
283300;;;ROSES;SEASHELLS;14622.0;1
284200;;;STRAWBERRIES;SEASHELLS;4039.0;6
284300;;;STRAWBERRIES;SEASHELLS;4040.0;6
284900;;;GIFT_BASKET;SEASHELLS;71312.0;2
285200;;;CHOCOLATE;SEASHELLS;7990.0;7
285500;;;CHOCOLATE;SEASHELLS;7987.0;4
285500;;;GIFT_BASKET;SEASHELLS;71279.0;2
285900;;;CHOCOLATE;SEASHELLS;7987.0;4
286600;;;STRAWBERRIES;SEASHELLS;4039.0;8
286900;;;CHOCOLATE;SEASHELLS;7992.0;7
288100;;;STRAWBERRIES;SEASHELLS;4039.0;6
288600;;;ROSES;SEASHELLS;14634.0;3
288600;;;ROSES;SEASHELLS;14636.0;4
288800;;;STRAWBERRIES;SEASHELLS;4040.0;8
289100;;;ROSES;SEASHELLS;14624.0;8
289100;;;ROSES;SEASHELLS;14625.0;4
289100;;;STRAWBERRIES;SEASHELLS;4038.0;7
289500;;;ROSES;SEASHELLS;14630.0;3
289500;;;ROSES;SEASHELLS;14631.0;4
289600;;;STRAWBERRIES;SEASHELLS;4039.0;5
289700;;;CHOCOLATE;SEASHELLS;7981.0;8
290000;;;GIFT_BASKET;SEASHELLS;71234.0;1
290100;;;ROSES;SEASHELLS;14614.0;5
290300;;;CHOCOLATE;SEASHELLS;7980.0;5
290300;;;ROSES;SEASHELLS;14609.0;5
290400;;;ROSES;SEASHELLS;14605.0;3
290700;;;STRAWBERRIES;SEASHELLS;4040.0;6
290900;;;GIFT_BASKET;SEASHELLS;71222.0;2
290900;;;GIFT_BASKET;SEASHELLS;71222.0;4
291300;;;ROSES;SEASHELLS;14597.0;9
292000;;;ROSES;SEASHELLS;14596.0;1
292100;;;CHOCOLATE;SEASHELLS;7977.0;8
292300;;;CHOCOLATE;SEASHELLS;7978.0;8
292500;;;STRAWBERRIES;SEASHELLS;4042.0;5
292900;;;GIFT_BASKET;SEASHELLS;71228.0;7
293800;;;STRAWBERRIES;SEASHELLS;4040.0;4
294000;;;ROSES;SEASHELLS;14590.0;3
294100;;;STRAWBERRIES;SEASHELLS;4038.0;10
294200;;;STRAWBERRIES;SEASHELLS;4041.0;10
294300;;;GIFT_BASKET;SEASHELLS;71257.0;1
295400;;;CHOCOLATE;SEASHELLS;7981.0;6
295700;;;STRAWBERRIES;SEASHELLS;4039.0;5
295800;;;GIFT_BASKET;SEASHELLS;71255.0;1
296000;;;STRAWBERRIES;SEASHELLS;4039.0;5
296100;;;GIFT_BASKET;SEASHELLS;71251.0;1
296800;;;ROSES;SEASHELLS;14587.0;8
296800;;;CHOCOLATE;SEASHELLS;7977.0;6
296900;;;GIFT_BASKET;SEASHELLS;71250.0;2
297000;;;STRAWBERRIES;SEASHELLS;4041.0;4
297300;;;STRAWBERRIES;SEASHELLS;4041.0;10
297800;;;STRAWBERRIES;SEASHELLS;4038.0;8
298200;;;CHOCOLATE;SEASHELLS;7968.0;8
298200;;;GIFT_BASKET;SEASHELLS;71249.0;1
298900;;;STRAWBERRIES;SEASHELLS;4038.0;9
299200;;;ROSES;SEASHELLS;14575.0;1
299900;;;STRAWBERRIES;SEASHELLS;4039.0;12
300500;;;CHOCOLATE;SEASHELLS;7965.0;6
300600;;;STRAWBERRIES;SEASHELLS;4041.0;5
301200;;;ROSES;SEASHELLS;14565.0;2
301300;;;ROSES;SEASHELLS;14566.0;2
301300;;;STRAWBERRIES;SEASHELLS;4041.0;4
301500;;;ROSES;SEASHELLS;14565.0;5
301600;;;CHOCOLATE;SEASHELLS;7963.0;5
301800;;;STRAWBERRIES;SEASHELLS;4041.0;5
301900;;;CHOCOLATE;SEASHELLS;7963.0;7
302200;;;STRAWBERRIES;SEASHELLS;4043.0;9
302600;;;ROSES;SEASHELLS;14563.0;5
302600;;;GIFT_BASKET;SEASHELLS;71230.0;3
302600;;;GIFT_BASKET;SEASHELLS;71231.0;1
302900;;;STRAWBERRIES;SEASHELLS;4042.0;3
303000;;;STRAWBERRIES;SEASHELLS;4042.0;5
303200;;;STRAWBERRIES;SEASHELLS;4041.0;9
303500;;;ROSES;SEASHELLS;14552.0;4
303600;;;STRAWBERRIES;SEASHELLS;4040.0;7
304500;;;GIFT_BASKET;SEASHELLS;71193.0;1
304600;;;STRAWBERRIES;SEASHELLS;4039.0;12
305000;;;STRAWBERRIES;SEASHELLS;4039.0;7
305100;;;GIFT_BASKET;SEASHELLS;71250.0;3
305200;;;STRAWBERRIES;SEASHELLS;4041.0;5
305300;;;STRAWBERRIES;SEASHELLS;4041.0;9
305500;;;ROSES;SEASHELLS;14547.0;5
305600;;;GIFT_BASKET;SEASHELLS;71246.0;6
305600;;;STRAWBERRIES;SEASHELLS;4041.0;5
305700;;;CHOCOLATE;SEASHELLS;7967.0;6
305800;;;ROSES;SEASHELLS;14541.0;4
305900;;;STRAWBERRIES;SEASHELLS;4040.0;11
306000;;;GIFT_BASKET;SEASHELLS;71243.0;1
306200;;;ROSES;SEASHELLS;14548.0;5
306400;;;CHOCOLATE;SEASHELLS;7965.0;8
306600;;;CHOCOLATE;SEASHELLS;7966.0;5
306800;;;CHOCOLATE;SEASHELLS;7967.0;5
307100;;;STRAWBERRIES;SEASHELLS;4040.0;4
307100;;;ROSES;SEASHELLS;14556.0;3
307800;;;STRAWBERRIES;SEASHELLS;4039.0;6
307900;;;STRAWBERRIES;SEASHELLS;4040.0;8
308400;;;ROSES;SEASHELLS;14553.0;2
308500;;;CHOCOLATE;SEASHELLS;7970.0;7
308700;;;STRAWBERRIES;SEASHELLS;4039.0;4
308800;;;CHOCOLATE;SEASHELLS;7973.0;8
309500;;;CHOCOLATE;SEASHELLS;7974.0;7
309700;;;STRAWBERRIES;SEASHELLS;4039.0;7
310000;;;GIFT_BASKET;SEASHELLS;71300.0;2
310400;;;CHOCOLATE;SEASHELLS;7971.0;8
310500;;;ROSES;SEASHELLS;14552.0;2
311000;;;CHOCOLATE;SEASHELLS;7972.0;6
311100;;;STRAWBERRIES;SEASHELLS;4044.0;8
311300;;;CHOCOLATE;SEASHELLS;7977.0;8
312300;;;ROSES;SEASHELLS;14557.0;4
312500;;;ROSES;SEASHELLS;14559.0;1
312500;;;STRAWBERRIES;SEASHELLS;4043.0;4
313500;;;ROSES;SEASHELLS;14555.0;5
313500;;;CHOCOLATE;SEASHELLS;7980.0;8
313500;;;GIFT_BASKET;SEASHELLS;71258.0;7
313500;;;GIFT_BASKET;SEASHELLS;71258.0;1
313800;;;ROSES;SEASHELLS;14551.0;2
313900;;;STRAWBERRIES;SEASHELLS;4041.0;7
314300;;;ROSES;SEASHELLS;14547.0;5
314400;;;STRAWBERRIES;SEASHELLS;4042.0;12
314400;;;STRAWBERRIES;SEASHELLS;4043.0;9
314400;;;CHOCOLATE;SEASHELLS;7973.0;6
315300;;;CHOCOLATE;SEASHELLS;7973.0;10
315400;;;GIFT_BASKET;SEASHELLS;71217.0;1
315400;;;GIFT_BASKET;SEASHELLS;71218.0;2
315800;;;CHOCOLATE;SEASHELLS;7970.0;7
315900;;;ROSES;SEASHELLS;14534.0;5
316100;;;CHOCOLATE;SEASHELLS;7969.0;5
316400;;;ROSES;SEASHELLS;14532.0;3
316500;;;ROSES;SEASHELLS;14533.0;3
316600;;;ROSES;SEASHELLS;14535.0;3
316700;;;ROSES;SEASHELLS;14538.0;3
316800;;;CHOCOLATE;SEASHELLS;7972.0;8
317200;;;ROSES;SEASHELLS;14540.0;3
317400;;;GIFT_BASKET;SEASHELLS;71186.0;1
317400;;;GIFT_BASKET;SEASHELLS;71186.0;4
317500;;;STRAWBERRIES;SEASHELLS;4042.0;9
317700;;;CHOCOLATE;SEASHELLS;7969.0;6
318300;;;STRAWBERRIES;SEASHELLS;4039.0;9
318400;;;ROSES;SEASHELLS;14539.0;5
318500;;;ROSES;SEASHELLS;14532.0;4
319200;;;STRAWBERRIES;SEASHELLS;4040.0;8
319300;;;ROSES;SEASHELLS;14530.0;5
319500;;;STRAWBERRIES;SEASHELLS;4041.0;5
319500;;;STRAWBERRIES;SEASHELLS;4041.0;7
319700;;;CHOCOLATE;SEASHELLS;7966.0;4
319700;;;GIFT_BASKET;SEASHELLS;71095.0;3
319900;;;STRAWBERRIES;SEASHELLS;4041.0;5
320000;;;ROSES;SEASHELLS;14526.0;6
320400;;;STRAWBERRIES;SEASHELLS;4041.0;8
320400;;;ROSES;SEASHELLS;14530.0;2
321200;;;ROSES;SEASHELLS;14522.0;3
321400;;;CHOCOLATE;SEASHELLS;7970.0;6
321500;;;ROSES;SEASHELLS;14524.0;6
321900;;;CHOCOLATE;SEASHELLS;7968.0;7
321900;;;STRAWBERRIES;SEASHELLS;4041.0;10
322100;;;STRAWBERRIES;SEASHELLS;4041.0;3
322900;;;STRAWBERRIES;SEASHELLS;4040.0;6
323000;;;ROSES;SEASHELLS;14508.0;5
323100;;;ROSES;SEASHELLS;14509.0;1
324100;;;GIFT_BASKET;SEASHELLS;71072.0;2
324100;;;GIFT_BASKET;SEASHELLS;71067.0;6
324500;;;STRAWBERRIES;SEASHELLS;4041.0;11
324700;;;ROSES;SEASHELLS;14507.0;1
324800;;;ROSES;SEASHELLS;14511.0;1
324800;;;STRAWBERRIES;SEASHELLS;4042.0;8
325200;;;STRAWBERRIES;SEASHELLS;4043.0;10
326300;;;ROSES;SEASHELLS;14517.0;2
326400;;;ROSES;SEASHELLS;14517.0;3
327100;;;ROSES;SEASHELLS;14518.0;1
327200;;;STRAWBERRIES;SEASHELLS;4045.0;9
327200;;;CHOCOLATE;SEASHELLS;7974.0;8
327400;;;ROSES;SEASHELLS;14520.0;4
327600;;;GIFT_BASKET;SEASHELLS;71144.0;6
327600;;;GIFT_BASKET;SEASHELLS;71144.0;2
327700;;;CHOCOLATE;SEASHELLS;7977.0;4
327800;;;STRAWBERRIES;SEASHELLS;4047.0;9
328300;;;CHOCOLATE;SEASHELLS;7980.0;9
328400;;;CHOCOLATE;SEASHELLS;7979.0;7
329100;;;CHOCOLATE;SEASHELLS;7983.0;6
329100;;;CHOCOLATE;SEASHELLS;7983.0;8
329300;;;STRAWBERRIES;SEASHELLS;4046.0;10
329400;;;CHOCOLATE;SEASHELLS;7985.0;8
329500;;;GIFT_BASKET;SEASHELLS;71123.0;2
329500;;;GIFT_BASKET;SEASHELLS;71129.0;1
329800;;;ROSES;SEASHELLS;14520.0;1
330000;;;CHOCOLATE;SEASHELLS;7982.0;5
330100;;;ROSES;SEASHELLS;14521.0;4
330200;;;CHOCOLATE;SEASHELLS;7980.0;5
331100;;;CHOCOLATE;SEASHELLS;7975.0;9
331300;;;STRAWBERRIES;SEASHELLS;4046.0;10
332000;;;CHOCOLATE;SEASHELLS;7974.0;8
332000;;;ROSES;SEASHELLS;14526.0;4
332800;;;CHOCOLATE;SEASHELLS;7970.0;6
332900;;;STRAWBERRIES;SEASHELLS;4048.0;9
333000;;;CHOCOLATE;SEASHELLS;7968.0;6
333200;;;STRAWBERRIES;SEASHELLS;4047.0;6
333200;;;CHOCOLATE;SEASHELLS;7970.0;7
333800;;;CHOCOLATE;SEASHELLS;7969.0;5
333800;;;STRAWBERRIES;SEASHELLS;4047.0;6
333800;;;CHOCOLATE;SEASHELLS;7969.0;4
334700;;;CHOCOLATE;SEASHELLS;7968.0;5
334800;;;STRAWBERRIES;SEASHELLS;4049.0;5
334900;;;STRAWBERRIES;SEASHELLS;4049.0;5
335200;;;STRAWBERRIES;SEASHELLS;4050.0;10
335800;;;CHOCOLATE;SEASHELLS;7967.0;8
335900;;;CHOCOLATE;SEASHELLS;7965.0;5
336200;;;CHOCOLATE;SEASHELLS;7964.0;8
336500;;;ROSES;SEASHELLS;14524.0;3
336600;;;STRAWBERRIES;SEASHELLS;4051.0;5
336700;;;STRAWBERRIES;SEASHELLS;4050.0;4
337000;;;CHOCOLATE;SEASHELLS;7964.0;5
338400;;;ROSES;SEASHELLS;14519.0;4
338900;;;ROSES;SEASHELLS;14528.0;5
339400;;;ROSES;SEASHELLS;14528.0;3
339400;;;ROSES;SEASHELLS;14527.0;9
339800;;;ROSES;SEASHELLS;14524.0;4
339900;;;ROSES;SEASHELLS;14524.0;4
340000;;;ROSES;SEASHELLS;14523.0;3
340200;;;CHOCOLATE;SEASHELLS;7960.0;7
340400;;;CHOCOLATE;SEASHELLS;7959.0;5
340900;;;CHOCOLATE;SEASHELLS;7958.0;7
341000;;;ROSES;SEASHELLS;14520.0;5
341100;;;GIFT_BASKET;SEASHELLS;71016.0;1
341100;;;GIFT_BASKET;SEASHELLS;71016.0;2
341800;;;GIFT_BASKET;SEASHELLS;70971.0;1
341800;;;GIFT_BASKET;SEASHELLS;70972.0;1
341900;;;CHOCOLATE;SEASHELLS;7956.0;9
342200;;;STRAWBERRIES;SEASHELLS;4054.0;6
342400;;;STRAWBERRIES;SEASHELLS;4052.0;9
342500;;;CHOCOLATE;SEASHELLS;7954.0;5
342600;;;STRAWBERRIES;SEASHELLS;4051.0;8
342900;;;STRAWBERRIES;SEASHELLS;4051.0;10
343400;;;CHOCOLATE;SEASHELLS;7957.0;7
343600;;;STRAWBERRIES;SEASHELLS;4052.0;10
343900;;;ROSES;SEASHELLS;14499.0;2
344300;;;ROSES;SEASHELLS;14501.0;5
344300;;;GIFT_BASKET;SEASHELLS;71009.0;1
344600;;;STRAWBERRIES;SEASHELLS;4052.0;5
344700;;;GIFT_BASKET;SEASHELLS;70974.0;10
344900;;;ROSES;SEASHELLS;14484.0;5
344900;;;STRAWBERRIES;SEASHELLS;4052.0;8
345400;;;ROSES;SEASHELLS;14492.0;5
345700;;;STRAWBERRIES;SEASHELLS;4053.0;4
346100;;;CHOCOLATE;SEASHELLS;7954.0;7
346200;;;CHOCOLATE;SEASHELLS;7954.0;6
346600;;;GIFT_BASKET;SEASHELLS;70979.0;6
346800;;;CHOCOLATE;SEASHELLS;7954.0;7
347100;;;ROSES;SEASHELLS;14499.0;1
347800;;;STRAWBERRIES;SEASHELLS;4054.0;3
348300;;;CHOCOLATE;SEASHELLS;7949.0;10
348700;;;STRAWBERRIES;SEASHELLS;4056.0;5
348800;;;STRAWBERRIES;SEASHELLS;4054.0;9
348800;;;ROSES;SEASHELLS;14511.0;3
348900;;;STRAWBERRIES;SEASHELLS;4053.0;7
349800;;;STRAWBERRIES;SEASHELLS;4055.0;6
349900;;;STRAWBERRIES;SEASHELLS;4055.0;7
350200;;;GIFT_BASKET;SEASHELLS;70984.0;4
350400;;;CHOCOLATE;SEASHELLS;7953.0;4
350400;;;ROSES;SEASHELLS;14518.0;1
350600;;;CHOCOLATE;SEASHELLS;7952.0;7
350900;;;STRAWBERRIES;SEASHELLS;4051.0;7
351600;;;ROSES;SEASHELLS;14511.0;11
351700;;;STRAWBERRIES;SEASHELLS;4051.0;6
352200;;;ROSES;SEASHELLS;14513.0;4
352300;;;STRAWBERRIES;SEASHELLS;4051.0;5
352900;;;STRAWBERRIES;SEASHELLS;4051.0;5
353000;;;CHOCOLATE;SEASHELLS;7960.0;7
353300;;;ROSES;SEASHELLS;14513.0;4
353300;;;CHOCOLATE;SEASHELLS;7959.0;5
353700;;;STRAWBERRIES;SEASHELLS;4049.0;5
354100;;;GIFT_BASKET;SEASHELLS;70974.0;1
354200;;;CHOCOLATE;SEASHELLS;7959.0;8
354300;;;STRAWBERRIES;SEASHELLS;4050.0;9
354900;;;ROSES;SEASHELLS;14514.0;4
355000;;;STRAWBERRIES;SEASHELLS;4049.0;5
355200;;;CHOCOLATE;SEASHELLS;7958.0;6
355300;;;GIFT_BASKET;SEASHELLS;70985.0;1
356000;;;STRAWBERRIES;SEASHELLS;4050.0;4
356100;;;ROSES;SEASHELLS;14529.0;4
356200;;;ROSES;SEASHELLS;14530.0;5
356200;;;STRAWBERRIES;SEASHELLS;4052.0;5
356500;;;STRAWBERRIES;SEASHELLS;4051.0;4
356600;;;STRAWBERRIES;SEASHELLS;4051.0;10
357800;;;CHOCOLATE;SEASHELLS;7963.0;7
357900;;;STRAWBERRIES;SEASHELLS;4051.0;4
358400;;;CHOCOLATE;SEASHELLS;7966.0;6
358500;;;STRAWBERRIES;SEASHELLS;4052.0;7
358700;;;GIFT_BASKET;SEASHELLS;71008.0;6
358700;;;GIFT_BASKET;SEASHELLS;71014.0;2
359000;;;GIFT_BASKET;SEASHELLS;71013.0;1
359000;;;ROSES;SEASHELLS;14513.0;4
359300;;;STRAWBERRIES;SEASHELLS;4050.0;12
359400;;;CHOCOLATE;SEASHELLS;7965.0;6
360000;;;ROSES;SEASHELLS;14516.0;3
360100;;;STRAWBERRIES;SEASHELLS;4051.0;3
360200;;;ROSES;SEASHELLS;14520.0;5
360700;;;STRAWBERRIES;SEASHELLS;4052.0;4
361100;;;STRAWBERRIES;SEASHELLS;4052.0;10
361100;;;CHOCOLATE;SEASHELLS;7959.0;6
362300;;;CHOCOLATE;SEASHELLS;7960.0;8
362500;;;CHOCOLATE;SEASHELLS;7959.0;10
362700;;;CHOCOLATE;SEASHELLS;7958.0;8
363000;;;CHOCOLATE;SEASHELLS;7957.0;6
363200;;;ROSES;SEASHELLS;14537.0;1
363500;;;ROSES;SEASHELLS;14540.0;2
364300;;;ROSES;SEASHELLS;14536.0;5
364400;;;CHOCOLATE;SEASHELLS;7963.0;5
365200;;;GIFT_BASKET;SEASHELLS;71015.0;3
365200;;;GIFT_BASKET;SEASHELLS;71016.0;1
365300;;;ROSES;SEASHELLS;14539.0;4
365800;;;ROSES;SEASHELLS;14541.0;3
366000;;;GIFT_BASKET;SEASHELLS;71008.0;4
366000;;;STRAWBERRIES;SEASHELLS;4053.0;10
366200;;;STRAWBERRIES;SEASHELLS;4055.0;8
366500;;;ROSES;SEASHELLS;14539.0;2
366600;;;STRAWBERRIES;SEASHELLS;4055.0;10
367100;;;GIFT_BASKET;SEASHELLS;71064.0;8
367400;;;STRAWBERRIES;SEASHELLS;4057.0;9
367400;;;STRAWBERRIES;SEASHELLS;4056.0;12
367900;;;ROSES;SEASHELLS;14532.0;1
368000;;;ROSES;SEASHELLS;14537.0;4
368500;;;ROSES;SEASHELLS;14535.0;2
368800;;;STRAWBERRIES;SEASHELLS;4059.0;8
368900;;;STRAWBERRIES;SEASHELLS;4059.0;9
369200;;;GIFT_BASKET;SEASHELLS;71101.0;2
369300;;;STRAWBERRIES;SEASHELLS;4057.0;9
369500;;;STRAWBERRIES;SEASHELLS;4058.0;5
369900;;;STRAWBERRIES;SEASHELLS;4058.0;4
369900;;;ROSES;SEASHELLS;14542.0;2
369900;;;GIFT_BASKET;SEASHELLS;71086.0;1
370000;;;ROSES;SEASHELLS;14543.0;1
370200;;;GIFT_BASKET;SEASHELLS;71118.0;2
370300;;;ROSES;SEASHELLS;14545.0;4
370500;;;GIFT_BASKET;SEASHELLS;71135.0;6
370600;;;CHOCOLATE;SEASHELLS;7948.0;8
370600;;;STRAWBERRIES;SEASHELLS;4061.0;7
370800;;;GIFT_BASKET;SEASHELLS;71144.0;2
370900;;;ROSES;SEASHELLS;14552.0;4
371300;;;GIFT_BASKET;SEASHELLS;71099.0;6
371300;;;GIFT_BASKET;SEASHELLS;71100.0;2
372200;;;CHOCOLATE;SEASHELLS;7944.0;8
372300;;;ROSES;SEASHELLS;14556.0;3
372700;;;STRAWBERRIES;SEASHELLS;4059.0;4
372800;;;ROSES;SEASHELLS;14553.0;3
374000;;;ROSES;SEASHELLS;14551.0;1
374300;;;STRAWBERRIES;SEASHELLS;4059.0;3
374700;;;ROSES;SEASHELLS;14560.0;4
374800;;;STRAWBERRIES;SEASHELLS;4058.0;10
376100;;;ROSES;SEASHELLS;14563.0;1
376100;;;STRAWBERRIES;SEASHELLS;4060.0;6
376200;;;GIFT_BASKET;SEASHELLS;71086.0;2
376300;;;CHOCOLATE;SEASHELLS;7946.0;9
376500;;;CHOCOLATE;SEASHELLS;7944.0;6
377700;;;STRAWBERRIES;SEASHELLS;4059.0;7
377700;;;ROSES;SEASHELLS;14557.0;5
378000;;;STRAWBERRIES;SEASHELLS;4059.0;7
378400;;;ROSES;SEASHELLS;14550.0;5
378700;;;STRAWBERRIES;SEASHELLS;4060.0;6
379300;;;CHOCOLATE;SEASHELLS;7945.0;8
379300;;;ROSES;SEASHELLS;14545.0;5
379600;;;STRAWBERRIES;SEASHELLS;4058.0;5
379600;;;STRAWBERRIES;SEASHELLS;4058.0;12
379800;;;ROSES;SEASHELLS;14543.0;5
380100;;;ROSES;SEASHELLS;14537.0;4
380700;;;CHOCOLATE;SEASHELLS;7942.0;8
380700;;;GIFT_BASKET;SEASHELLS;71021.0;4
380700;;;CHOCOLATE;SEASHELLS;7941.0;5
380900;;;GIFT_BASKET;SEASHELLS;71029.0;1
381500;;;ROSES;SEASHELLS;14550.0;3
381800;;;CHOCOLATE;SEASHELLS;7944.0;6
382300;;;GIFT_BASKET;SEASHELLS;71036.0;5
382300;;;STRAWBERRIES;SEASHELLS;4057.0;4
382400;;;STRAWBERRIES;SEASHELLS;4057.0;9
382700;;;CHOCOLATE;SEASHELLS;7944.0;8
384100;;;GIFT_BASKET;SEASHELLS;71032.0;1
384600;;;STRAWBERRIES;SEASHELLS;4055.0;5
384700;;;ROSES;SEASHELLS;14517.0;3
384900;;;ROSES;SEASHELLS;14517.0;4
385300;;;GIFT_BASKET;SEASHELLS;71025.0;1
385400;;;STRAWBERRIES;SEASHELLS;4056.0;9
386200;;;STRAWBERRIES;SEASHELLS;4054.0;6
386600;;;CHOCOLATE;SEASHELLS;7945.0;5
386700;;;GIFT_BASKET;SEASHELLS;71021.0;2
386700;;;CHOCOLATE;SEASHELLS;7944.0;8
386900;;;STRAWBERRIES;SEASHELLS;4057.0;10
387700;;;GIFT_BASKET;SEASHELLS;71029.0;1
387700;;;GIFT_BASKET;SEASHELLS;71028.0;1
387800;;;ROSES;SEASHELLS;14520.0;5
388000;;;ROSES;SEASHELLS;14523.0;10
388100;;;ROSES;SEASHELLS;14520.0;7
388300;;;GIFT_BASKET;SEASHELLS;71021.0;1
388800;;;STRAWBERRIES;SEASHELLS;4059.0;4
389000;;;GIFT_BASKET;SEASHELLS;71040.0;1
389000;;;STRAWBERRIES;SEASHELLS;4059.0;7
389000;;;STRAWBERRIES;SEASHELLS;4058.0;7
389500;;;CHOCOLATE;SEASHELLS;7940.0;8
389700;;;STRAWBERRIES;SEASHELLS;4058.0;6
389900;;;STRAWBERRIES;SEASHELLS;4058.0;4
390000;;;ROSES;SEASHELLS;14539.0;4
390000;;;STRAWBERRIES;SEASHELLS;4057.0;8
390400;;;ROSES;SEASHELLS;14534.0;5
390500;;;STRAWBERRIES;SEASHELLS;4058.0;9
390700;;;GIFT_BASKET;SEASHELLS;71049.0;2
390900;;;STRAWBERRIES;SEASHELLS;4059.0;4
391600;;;STRAWBERRIES;SEASHELLS;4059.0;5
391600;;;STRAWBERRIES;SEASHELLS;4058.0;3
392200;;;ROSES;SEASHELLS;14547.0;2
392500;;;CHOCOLATE;SEASHELLS;7943.0;8
392600;;;GIFT_BASKET;SEASHELLS;71080.0;1
393500;;;ROSES;SEASHELLS;14554.0;5
393700;;;CHOCOLATE;SEASHELLS;7944.0;7
393900;;;CHOCOLATE;SEASHELLS;7945.0;5
394200;;;CHOCOLATE;SEASHELLS;7945.0;6
394500;;;GIFT_BASKET;SEASHELLS;71095.0;2
394800;;;STRAWBERRIES;SEASHELLS;4058.0;8
395100;;;GIFT_BASKET;SEASHELLS;71080.0;2
395200;;;STRAWBERRIES;SEASHELLS;4057.0;10
395200;;;GIFT_BASKET;SEASHELLS;71091.0;2
395800;;;STRAWBERRIES;SEASHELLS;4058.0;4
396300;;;STRAWBERRIES;SEASHELLS;4058.0;5
396400;;;ROSES;SEASHELLS;14532.0;5
396700;;;ROSES;SEASHELLS;14527.0;8
396700;;;STRAWBERRIES;SEASHELLS;4059.0;5
396800;;;STRAWBERRIES;SEASHELLS;4059.0;6
397100;;;ROSES;SEASHELLS;14523.0;3
398000;;;CHOCOLATE;SEASHELLS;7944.0;5
398000;;;CHOCOLATE;SEASHELLS;7945.0;6
398500;;;GIFT_BASKET;SEASHELLS;71093.0;2
398500;;;STRAWBERRIES;SEASHELLS;4060.0;8
399700;;;STRAWBERRIES;SEASHELLS;4061.0;8
399700;;;CHOCOLATE;SEASHELLS;7951.0;7
400200;;;GIFT_BASKET;SEASHELLS;71140.0;2
400700;;;CHOCOLATE;SEASHELLS;7946.0;8
400900;;;STRAWBERRIES;SEASHELLS;4060.0;5
401100;;;CHOCOLATE;SEASHELLS;7949.0;5
401100;;;GIFT_BASKET;SEASHELLS;71170.0;2
401200;;;STRAWBERRIES;SEASHELLS;4058.0;11
401300;;;STRAWBERRIES;SEASHELLS;4058.0;5
401400;;;ROSES;SEASHELLS;14537.0;3
401400;;;CHOCOLATE;SEASHELLS;7947.0;5
401700;;;STRAWBERRIES;SEASHELLS;4059.0;4
402000;;;CHOCOLATE;SEASHELLS;7945.0;10
402100;;;CHOCOLATE;SEASHELLS;7946.0;7
402400;;;STRAWBERRIES;SEASHELLS;4057.0;10
402600;;;STRAWBERRIES;SEASHELLS;4058.0;3
402700;;;CHOCOLATE;SEASHELLS;7946.0;4
403500;;;STRAWBERRIES;SEASHELLS;4058.0;12
403700;;;ROSES;SEASHELLS;14553.0;5
403900;;;STRAWBERRIES;SEASHELLS;4059.0;10
403900;;;ROSES;SEASHELLS;14552.0;1
404100;;;STRAWBERRIES;SEASHELLS;4059.0;10
404800;;;GIFT_BASKET;SEASHELLS;71180.0;8
405800;;;STRAWBERRIES;SEASHELLS;4059.0;7
405900;;;STRAWBERRIES;SEASHELLS;4059.0;7
406100;;;ROSES;SEASHELLS;14541.0;3
406300;;;CHOCOLATE;SEASHELLS;7951.0;7
406600;;;CHOCOLATE;SEASHELLS;7949.0;5
406700;;;STRAWBERRIES;SEASHELLS;4059.0;9
408100;;;STRAWBERRIES;SEASHELLS;4062.0;3
409800;;;GIFT_BASKET;SEASHELLS;71174.0;2
410100;;;GIFT_BASKET;SEASHELLS;71186.0;5
410400;;;STRAWBERRIES;SEASHELLS;4061.0;4
410400;;;STRAWBERRIES;SEASHELLS;4060.0;4
410700;;;ROSES;SEASHELLS;14551.0;1
410900;;;CHOCOLATE;SEASHELLS;7950.0;6
411100;;;STRAWBERRIES;SEASHELLS;4060.0;7
411100;;;CHOCOLATE;SEASHELLS;7953.0;8
411700;;;ROSES;SEASHELLS;14553.0;3
411800;;;GIFT_BASKET;SEASHELLS;71172.0;2
411800;;;GIFT_BASKET;SEASHELLS;71171.0;9
411800;;;GIFT_BASKET;SEASHELLS;71172.0;3
411900;;;STRAWBERRIES;SEASHELLS;4059.0;8
411900;;;CHOCOLATE;SEASHELLS;7949.0;7
411900;;;ROSES;SEASHELLS;14556.0;3
412200;;;CHOCOLATE;SEASHELLS;7949.0;5
412400;;;STRAWBERRIES;SEASHELLS;4059.0;10
412600;;;STRAWBERRIES;SEASHELLS;4060.0;12
412600;;;ROSES;SEASHELLS;14551.0;5
412800;;;CHOCOLATE;SEASHELLS;7950.0;7
414000;;;STRAWBERRIES;SEASHELLS;4061.0;9
414200;;;CHOCOLATE;SEASHELLS;7946.0;7
414200;;;STRAWBERRIES;SEASHELLS;4059.0;4
414500;;;STRAWBERRIES;SEASHELLS;4060.0;3
414700;;;CHOCOLATE;SEASHELLS;7949.0;5
414700;;;ROSES;SEASHELLS;14544.0;1
414900;;;STRAWBERRIES;SEASHELLS;4059.0;9
415000;;;GIFT_BASKET;SEASHELLS;71127.0;2
415000;;;ROSES;SEASHELLS;14539.0;3
415300;;;ROSES;SEASHELLS;14539.0;3
415300;;;STRAWBERRIES;SEASHELLS;4060.0;10
415500;;;STRAWBERRIES;SEASHELLS;4060.0;9
415600;;;ROSES;SEASHELLS;14543.0;1
415700;;;STRAWBERRIES;SEASHELLS;4059.0;3
416400;;;ROSES;SEASHELLS;14553.0;5
416400;;;STRAWBERRIES;SEASHELLS;4059.0;8
416700;;;GIFT_BASKET;SEASHELLS;71151.0;1
416700;;;GIFT_BASKET;SEASHELLS;71152.0;1
416800;;;GIFT_BASKET;SEASHELLS;71162.0;5
416800;;;GIFT_BASKET;SEASHELLS;71162.0;2
417200;;;STRAWBERRIES;SEASHELLS;4059.0;8
419100;;;STRAWBERRIES;SEASHELLS;4059.0;7
419900;;;STRAWBERRIES;SEASHELLS;4062.0;7
420400;;;STRAWBERRIES;SEASHELLS;4062.0;10
421100;;;ROSES;SEASHELLS;14548.0;4
421200;;;ROSES;SEASHELLS;14546.0;4
421300;;;ROSES;SEASHELLS;14547.0;4
421700;;;GIFT_BASKET;SEASHELLS;71173.0;2
421700;;;CHOCOLATE;SEASHELLS;7954.0;5
421800;;;GIFT_BASKET;SEASHELLS;71155.0;8
422000;;;CHOCOLATE;SEASHELLS;7952.0;5
422100;;;STRAWBERRIES;SEASHELLS;4062.0;8
422400;;;STRAWBERRIES;SEASHELLS;4062.0;4
423000;;;STRAWBERRIES;SEASHELLS;4061.0;7
423600;;;STRAWBERRIES;SEASHELLS;4063.0;4
423700;;;CHOCOLATE;SEASHELLS;7949.0;5
423900;;;STRAWBERRIES;SEASHELLS;4061.0;7
424000;;;STRAWBERRIES;SEASHELLS;4061.0;8
424400;;;ROSES;SEASHELLS;14522.0;5
424500;;;STRAWBERRIES;SEASHELLS;4062.0;6
424600;;;ROSES;SEASHELLS;14523.0;4
424900;;;CHOCOLATE;SEASHELLS;7950.0;6
424900;;;GIFT_BASKET;SEASHELLS;71135.0;5
424900;;;STRAWBERRIES;SEASHELLS;4060.0;5
425300;;;CHOCOLATE;SEASHELLS;7952.0;4
425900;;;STRAWBERRIES;SEASHELLS;4059.0;4
426200;;;STRAWBERRIES;SEASHELLS;4060.0;7
426300;;;GIFT_BASKET;SEASHELLS;71180.0;7
426900;;;CHOCOLATE;SEASHELLS;7953.0;8
427000;;;GIFT_BASKET;SEASHELLS;71114.0;10
427500;;;STRAWBERRIES;SEASHELLS;4058.0;4
427500;;;ROSES;SEASHELLS;14531.0;1
427800;;;ROSES;SEASHELLS;14541.0;4
427900;;;STRAWBERRIES;SEASHELLS;4059.0;4
428000;;;STRAWBERRIES;SEASHELLS;4059.0;9
428100;;;STRAWBERRIES;SEASHELLS;4059.0;7
428300;;;CHOCOLATE;SEASHELLS;7948.0;5
428400;;;ROSES;SEASHELLS;14543.0;4
428900;;;CHOCOLATE;SEASHELLS;7945.0;8
429200;;;CHOCOLATE;SEASHELLS;7945.0;7
429300;;;ROSES;SEASHELLS;14550.0;3
429500;;;STRAWBERRIES;SEASHELLS;4058.0;9
429500;;;STRAWBERRIES;SEASHELLS;4058.0;7
430200;;;CHOCOLATE;SEASHELLS;7937.0;7
430200;;;STRAWBERRIES;SEASHELLS;4059.0;9
430400;;;GIFT_BASKET;SEASHELLS;71038.0;6
430700;;;STRAWBERRIES;SEASHELLS;4062.0;9
430900;;;CHOCOLATE;SEASHELLS;7937.0;7
431000;;;STRAWBERRIES;SEASHELLS;4061.0;7
431200;;;STRAWBERRIES;SEASHELLS;4061.0;7
431900;;;GIFT_BASKET;SEASHELLS;71015.0;2
432500;;;STRAWBERRIES;SEASHELLS;4055.0;6
433300;;;ROSES;SEASHELLS;14521.0;3
433800;;;GIFT_BASKET;SEASHELLS;70945.0;7
433800;;;CHOCOLATE;SEASHELLS;7931.0;5
434200;;;GIFT_BASKET;SEASHELLS;70976.0;1
434200;;;STRAWBERRIES;SEASHELLS;4058.0;6
434600;;;ROSES;SEASHELLS;14543.0;5
434900;;;CHOCOLATE;SEASHELLS;7931.0;6
434900;;;ROSES;SEASHELLS;14542.0;1
435800;;;CHOCOLATE;SEASHELLS;7928.0;7
435900;;;STRAWBERRIES;SEASHELLS;4057.0;9
436100;;;STRAWBERRIES;SEASHELLS;4058.0;6
436400;;;STRAWBERRIES;SEASHELLS;4057.0;8
436700;;;CHOCOLATE;SEASHELLS;7932.0;7
436900;;;ROSES;SEASHELLS;14549.0;3
437600;;;CHOCOLATE;SEASHELLS;7934.0;6
438800;;;GIFT_BASKET;SEASHELLS;70966.0;1
438800;;;GIFT_BASKET;SEASHELLS;70965.0;3
438900;;;CHOCOLATE;SEASHELLS;7931.0;7
439300;;;ROSES;SEASHELLS;14567.0;5
439900;;;STRAWBERRIES;SEASHELLS;4066.0;9
440000;;;STRAWBERRIES;SEASHELLS;4064.0;3
440900;;;ROSES;SEASHELLS;14569.0;2
441000;;;STRAWBERRIES;SEASHELLS;4062.0;4
441100;;;ROSES;SEASHELLS;14576.0;5
441400;;;STRAWBERRIES;SEASHELLS;4061.0;4
441400;;;ROSES;SEASHELLS;14581.0;3
441500;;;GIFT_BASKET;SEASHELLS;70991.0;7
441700;;;ROSES;SEASHELLS;14579.0;2
442100;;;STRAWBERRIES;SEASHELLS;4060.0;7
442400;;;ROSES;SEASHELLS;14562.0;1
442700;;;STRAWBERRIES;SEASHELLS;4060.0;9
442800;;;GIFT_BASKET;SEASHELLS;70965.0;1
443500;;;ROSES;SEASHELLS;14561.0;4
444000;;;STRAWBERRIES;SEASHELLS;4061.0;8
444200;;;GIFT_BASKET;SEASHELLS;71004.0;7
444200;;;CHOCOLATE;SEASHELLS;7943.0;8
444600;;;STRAWBERRIES;SEASHELLS;4062.0;6
444900;;;GIFT_BASKET;SEASHELLS;70972.0;4
445000;;;CHOCOLATE;SEASHELLS;7940.0;7
445100;;;CHOCOLATE;SEASHELLS;7939.0;5
445900;;;STRAWBERRIES;SEASHELLS;4060.0;5
446100;;;ROSES;SEASHELLS;14554.0;3
446400;;;ROSES;SEASHELLS;14554.0;4
446800;;;GIFT_BASKET;SEASHELLS;70968.0;2
446900;;;ROSES;SEASHELLS;14548.0;4
447100;;;STRAWBERRIES;SEASHELLS;4060.0;5
447200;;;ROSES;SEASHELLS;14547.0;1
447300;;;ROSES;SEASHELLS;14542.0;1
447400;;;CHOCOLATE;SEASHELLS;7938.0;7
447500;;;STRAWBERRIES;SEASHELLS;4061.0;6
447900;;;GIFT_BASKET;SEASHELLS;70885.0;2
448800;;;CHOCOLATE;SEASHELLS;7937.0;7
449200;;;CHOCOLATE;SEASHELLS;7937.0;6
449600;;;STRAWBERRIES;SEASHELLS;4060.0;8
450000;;;STRAWBERRIES;SEASHELLS;4060.0;9
450800;;;ROSES;SEASHELLS;14528.0;2
450900;;;STRAWBERRIES;SEASHELLS;4059.0;12
451300;;;CHOCOLATE;SEASHELLS;7939.0;8
451500;;;CHOCOLATE;SEASHELLS;7937.0;6
451600;;;ROSES;SEASHELLS;14527.0;3
451600;;;CHOCOLATE;SEASHELLS;7936.0;8
452000;;;CHOCOLATE;SEASHELLS;7935.0;6
452300;;;ROSES;SEASHELLS;14529.0;3
453100;;;ROSES;SEASHELLS;14527.0;2
453200;;;STRAWBERRIES;SEASHELLS;4059.0;3
453500;;;ROSES;SEASHELLS;14521.0;2
453600;;;ROSES;SEASHELLS;14520.0;3
453800;;;CHOCOLATE;SEASHELLS;7931.0;8
453800;;;ROSES;SEASHELLS;14524.0;4
454000;;;STRAWBERRIES;SEASHELLS;4060.0;6
454200;;;STRAWBERRIES;SEASHELLS;4059.0;5
454400;;;STRAWBERRIES;SEASHELLS;4059.0;7
454600;;;CHOCOLATE;SEASHELLS;7937.0;8
454700;;;ROSES;SEASHELLS;14519.0;2
454800;;;CHOCOLATE;SEASHELLS;7938.0;7
454900;;;ROSES;SEASHELLS;14519.0;10
455100;;;GIFT_BASKET;SEASHELLS;70859.0;1
455500;;;ROSES;SEASHELLS;14513.0;6
455700;;;STRAWBERRIES;SEASHELLS;4062.0;10
455700;;;CHOCOLATE;SEASHELLS;7935.0;7
456000;;;GIFT_BASKET;SEASHELLS;70859.0;8
456200;;;CHOCOLATE;SEASHELLS;7935.0;8
456500;;;STRAWBERRIES;SEASHELLS;4063.0;7
456500;;;ROSES;SEASHELLS;14506.0;1
456500;;;CHOCOLATE;SEASHELLS;7936.0;4
456700;;;STRAWBERRIES;SEASHELLS;4063.0;10
457200;;;STRAWBERRIES;SEASHELLS;4064.0;9
457200;;;CHOCOLATE;SEASHELLS;7938.0;7
457200;;;STRAWBERRIES;SEASHELLS;4063.0;7
457300;;;STRAWBERRIES;SEASHELLS;4063.0;3
457300;;;CHOCOLATE;SEASHELLS;7938.0;8
458600;;;ROSES;SEASHELLS;14495.0;2
458700;;;ROSES;SEASHELLS;14492.0;2
458700;;;CHOCOLATE;SEASHELLS;7936.0;8
458800;;;STRAWBERRIES;SEASHELLS;4065.0;8
460200;;;GIFT_BASKET;SEASHELLS;70988.0;6
460600;;;STRAWBERRIES;SEASHELLS;4062.0;8
460700;;;CHOCOLATE;SEASHELLS;7940.0;5
461100;;;ROSES;SEASHELLS;14489.0;3
461400;;;ROSES;SEASHELLS;14489.0;2
461800;;;CHOCOLATE;SEASHELLS;7944.0;5
462000;;;ROSES;SEASHELLS;14493.0;4
462100;;;CHOCOLATE;SEASHELLS;7944.0;5
462200;;;ROSES;SEASHELLS;14490.0;4
462400;;;GIFT_BASKET;SEASHELLS;70969.0;8
462500;;;STRAWBERRIES;SEASHELLS;4063.0;9
463100;;;ROSES;SEASHELLS;14487.0;3
463100;;;CHOCOLATE;SEASHELLS;7939.0;9
463200;;;CHOCOLATE;SEASHELLS;7939.0;8
463400;;;ROSES;SEASHELLS;14489.0;5
464100;;;ROSES;SEASHELLS;14492.0;4
464700;;;STRAWBERRIES;SEASHELLS;4063.0;5
466300;;;ROSES;SEASHELLS;14476.0;3
467000;;;STRAWBERRIES;SEASHELLS;4065.0;7
467200;;;CHOCOLATE;SEASHELLS;7954.0;8
467300;;;CHOCOLATE;SEASHELLS;7954.0;5
467300;;;ROSES;SEASHELLS;14473.0;4
467400;;;CHOCOLATE;SEASHELLS;7953.0;5
467600;;;CHOCOLATE;SEASHELLS;7952.0;6
468800;;;ROSES;SEASHELLS;14462.0;3
468800;;;STRAWBERRIES;SEASHELLS;4067.0;11
468900;;;GIFT_BASKET;SEASHELLS;71054.0;1
469100;;;ROSES;SEASHELLS;14469.0;4
469200;;;GIFT_BASKET;SEASHELLS;71028.0;2
469200;;;GIFT_BASKET;SEASHELLS;71027.0;6
469400;;;STRAWBERRIES;SEASHELLS;4066.0;3
469800;;;ROSES;SEASHELLS;14478.0;3
470100;;;STRAWBERRIES;SEASHELLS;4068.0;7
470200;;;CHOCOLATE;SEASHELLS;7952.0;7
470900;;;CHOCOLATE;SEASHELLS;7951.0;5
471000;;;STRAWBERRIES;SEASHELLS;4069.0;8
471100;;;GIFT_BASKET;SEASHELLS;71077.0;1
471100;;;STRAWBERRIES;SEASHELLS;4069.0;5
471300;;;STRAWBERRIES;SEASHELLS;4069.0;9
471600;;;CHOCOLATE;SEASHELLS;7950.0;5
471800;;;ROSES;SEASHELLS;14487.0;3
472000;;;ROSES;SEASHELLS;14491.0;1
472700;;;STRAWBERRIES;SEASHELLS;4069.0;4
472800;;;STRAWBERRIES;SEASHELLS;4070.0;5
472900;;;STRAWBERRIES;SEASHELLS;4071.0;7
472900;;;ROSES;SEASHELLS;14488.0;1
473000;;;CHOCOLATE;SEASHELLS;7949.0;5
473000;;;STRAWBERRIES;SEASHELLS;4071.0;6
473400;;;STRAWBERRIES;SEASHELLS;4071.0;6
473700;;;ROSES;SEASHELLS;14494.0;4
473700;;;CHOCOLATE;SEASHELLS;7947.0;7
474300;;;ROSES;SEASHELLS;14486.0;4
474800;;;ROSES;SEASHELLS;14484.0;1
475200;;;ROSES;SEASHELLS;14489.0;1
475400;;;ROSES;SEASHELLS;14492.0;2
475600;;;STRAWBERRIES;SEASHELLS;4070.0;7
475700;;;ROSES;SEASHELLS;14493.0;3
475800;;;STRAWBERRIES;SEASHELLS;4071.0;9
475900;;;STRAWBERRIES;SEASHELLS;4069.0;12
476200;;;CHOCOLATE;SEASHELLS;7951.0;7
476200;;;GIFT_BASKET;SEASHELLS;71047.0;1
476600;;;ROSES;SEASHELLS;14489.0;5
476600;;;GIFT_BASKET;SEASHELLS;71079.0;1
476900;;;GIFT_BASKET;SEASHELLS;71051.0;1
476900;;;STRAWBERRIES;SEASHELLS;4068.0;7
477000;;;ROSES;SEASHELLS;14488.0;3
477000;;;GIFT_BASKET;SEASHELLS;71049.0;1
477500;;;STRAWBERRIES;SEASHELLS;4070.0;6
477700;;;ROSES;SEASHELLS;14477.0;2
477800;;;STRAWBERRIES;SEASHELLS;4071.0;8
477800;;;GIFT_BASKET;SEASHELLS;71061.0;2
478500;;;STRAWBERRIES;SEASHELLS;4073.0;9
478600;;;ROSES;SEASHELLS;14477.0;3
479000;;;ROSES;SEASHELLS;14479.0;4
479600;;;GIFT_BASKET;SEASHELLS;70992.0;2
480200;;;STRAWBERRIES;SEASHELLS;4073.0;10
480300;;;CHOCOLATE;SEASHELLS;7950.0;6
480400;;;STRAWBERRIES;SEASHELLS;4073.0;7
480600;;;STRAWBERRIES;SEASHELLS;4072.0;7
481600;;;CHOCOLATE;SEASHELLS;7946.0;5
481700;;;STRAWBERRIES;SEASHELLS;4072.0;4
481900;;;CHOCOLATE;SEASHELLS;7947.0;6
482300;;;CHOCOLATE;SEASHELLS;7947.0;8
482400;;;ROSES;SEASHELLS;14474.0;9
482400;;;ROSES;SEASHELLS;14474.0;2
482500;;;ROSES;SEASHELLS;14470.0;2
482500;;;STRAWBERRIES;SEASHELLS;4073.0;9
482600;;;STRAWBERRIES;SEASHELLS;4073.0;12
482600;;;CHOCOLATE;SEASHELLS;7946.0;6
483500;;;ROSES;SEASHELLS;14470.0;5
483500;;;CHOCOLATE;SEASHELLS;7944.0;8
483800;;;STRAWBERRIES;SEASHELLS;4075.0;10
483900;;;GIFT_BASKET;SEASHELLS;70949.0;7
484200;;;STRAWBERRIES;SEASHELLS;4072.0;10
484300;;;ROSES;SEASHELLS;14460.0;5
485100;;;STRAWBERRIES;SEASHELLS;4076.0;5
485200;;;ROSES;SEASHELLS;14464.0;1
485700;;;CHOCOLATE;SEASHELLS;7951.0;8
486200;;;CHOCOLATE;SEASHELLS;7952.0;6
486200;;;ROSES;SEASHELLS;14458.0;1
486400;;;CHOCOLATE;SEASHELLS;7954.0;8
486500;;;GIFT_BASKET;SEASHELLS;70990.0;1
486700;;;STRAWBERRIES;SEASHELLS;4076.0;9
486900;;;ROSES;SEASHELLS;14466.0;2
487400;;;CHOCOLATE;SEASHELLS;7948.0;5
487600;;;STRAWBERRIES;SEASHELLS;4074.0;6
487700;;;CHOCOLATE;SEASHELLS;7947.0;8
488400;;;CHOCOLATE;SEASHELLS;7950.0;4
488900;;;ROSES;SEASHELLS;14474.0;4
489000;;;ROSES;SEASHELLS;14472.0;4
489100;;;CHOCOLATE;SEASHELLS;7955.0;5
489200;;;STRAWBERRIES;SEASHELLS;4072.0;8
489300;;;ROSES;SEASHELLS;14475.0;2
489500;;;ROSES;SEASHELLS;14472.0;3
490000;;;GIFT_BASKET;SEASHELLS;70995.0;2
490000;;;ROSES;SEASHELLS;14477.0;5
490600;;;GIFT_BASKET;SEASHELLS;71004.0;1
490900;;;STRAWBERRIES;SEASHELLS;4073.0;5
490900;;;STRAWBERRIES;SEASHELLS;4071.0;6
491000;;;ROSES;SEASHELLS;14470.0;8
491100;;;ROSES;SEASHELLS;14472.0;1
491200;;;ROSES;SEASHELLS;14472.0;4
491400;;;ROSES;SEASHELLS;14469.0;2
491700;;;GIFT_BASKET;SEASHELLS;70994.0;7
491700;;;CHOCOLATE;SEASHELLS;7953.0;5
492100;;;ROSES;SEASHELLS;14469.0;4
492200;;;ROSES;SEASHELLS;14469.0;4
492600;;;STRAWBERRIES;SEASHELLS;4073.0;9
492600;;;CHOCOLATE;SEASHELLS;7951.0;7
492800;;;CHOCOLATE;SEASHELLS;7950.0;6
493100;;;CHOCOLATE;SEASHELLS;7946.0;8
493200;;;ROSES;SEASHELLS;14472.0;5
493600;;;STRAWBERRIES;SEASHELLS;4071.0;9
493800;;;STRAWBERRIES;SEASHELLS;4072.0;6
494000;;;ROSES;SEASHELLS;14482.0;2
494000;;;STRAWBERRIES;SEASHELLS;4073.0;5
494300;;;STRAWBERRIES;SEASHELLS;4072.0;9
494300;;;STRAWBERRIES;SEASHELLS;4073.0;10
495200;;;CHOCOLATE;SEASHELLS;7944.0;8
495700;;;CHOCOLATE;SEASHELLS;7946.0;7
495900;;;ROSES;SEASHELLS;14490.0;6
496100;;;ROSES;SEASHELLS;14495.0;1
496100;;;STRAWBERRIES;SEASHELLS;4072.0;11
496600;;;CHOCOLATE;SEASHELLS;7948.0;5
498000;;;GIFT_BASKET;SEASHELLS;71010.0;1
498000;;;GIFT_BASKET;SEASHELLS;71009.0;6
498000;;;GIFT_BASKET;SEASHELLS;71021.0;1
498500;;;CHOCOLATE;SEASHELLS;7946.0;5
499000;;;ROSES;SEASHELLS;14497.0;4
499000;;;CHOCOLATE;SEASHELLS;7948.0;6
499400;;;CHOCOLATE;SEASHELLS;7950.0;5
499400;;;STRAWBERRIES;SEASHELLS;4077.0;6
499600;;;STRAWBERRIES;SEASHELLS;4075.0;7
499600;;;GIFT_BASKET;SEASHELLS;71036.0;2
499700;;;GIFT_BASKET;SEASHELLS;71021.0;2
499700;;;STRAWBERRIES;SEASHELLS;4075.0;10
499800;;;ROSES;SEASHELLS;14492.0;2
499900;;;CHOCOLATE;SEASHELLS;7945.0;7
500000;;;ROSES;SEASHELLS;14498.0;1
500400;;;CHOCOLATE;SEASHELLS;7942.0;6
500400;;;STRAWBERRIES;SEASHELLS;4074.0;7
500600;;;CHOCOLATE;SEASHELLS;7943.0;6
501300;;;GIFT_BASKET;SEASHELLS;70993.0;2
501300;;;CHOCOLATE;SEASHELLS;7942.0;8
501700;;;CHOCOLATE;SEASHELLS;7939.0;8
502000;;;ROSES;SEASHELLS;14470.0;5
502700;;;STRAWBERRIES;SEASHELLS;4075.0;10
502900;;;GIFT_BASKET;SEASHELLS;70996.0;7
502900;;;GIFT_BASKET;SEASHELLS;70997.0;1
503100;;;ROSES;SEASHELLS;14469.0;1
503600;;;ROSES;SEASHELLS;14470.0;4
503700;;;STRAWBERRIES;SEASHELLS;4074.0;6
503900;;;GIFT_BASKET;SEASHELLS;70982.0;1
504600;;;ROSES;SEASHELLS;14476.0;3
505500;;;ROSES;SEASHELLS;14474.0;3
505700;;;ROSES;SEASHELLS;14473.0;3
506100;;;STRAWBERRIES;SEASHELLS;4076.0;9
506200;;;STRAWBERRIES;SEASHELLS;4075.0;8
506400;;;ROSES;SEASHELLS;14470.0;2
506500;;;STRAWBERRIES;SEASHELLS;4076.0;5
507300;;;STRAWBERRIES;SEASHELLS;4075.0;5
507700;;;CHOCOLATE;SEASHELLS;7945.0;8
507900;;;STRAWBERRIES;SEASHELLS;4075.0;6
508600;;;CHOCOLATE;SEASHELLS;7945.0;8
508600;;;STRAWBERRIES;SEASHELLS;4076.0;9
508700;;;GIFT_BASKET;SEASHELLS;70981.0;2
508900;;;ROSES;SEASHELLS;14475.0;1
509200;;;STRAWBERRIES;SEASHELLS;4076.0;8
509300;;;STRAWBERRIES;SEASHELLS;4077.0;7
509600;;;CHOCOLATE;SEASHELLS;7941.0;5
509600;;;STRAWBERRIES;SEASHELLS;4075.0;8
509700;;;STRAWBERRIES;SEASHELLS;4074.0;3
509900;;;ROSES;SEASHELLS;14480.0;4
510100;;;ROSES;SEASHELLS;14476.0;1
510100;;;CHOCOLATE;SEASHELLS;7943.0;7
511000;;;GIFT_BASKET;SEASHELLS;70898.0;3
511200;;;ROSES;SEASHELLS;14488.0;2
511200;;;CHOCOLATE;SEASHELLS;7938.0;5
511700;;;STRAWBERRIES;SEASHELLS;4072.0;4
511900;;;ROSES;SEASHELLS;14492.0;1
512200;;;CHOCOLATE;SEASHELLS;7939.0;7
512300;;;CHOCOLATE;SEASHELLS;7937.0;8
512400;;;GIFT_BASKET;SEASHELLS;70910.0;1
512700;;;STRAWBERRIES;SEASHELLS;4071.0;7
513000;;;CHOCOLATE;SEASHELLS;7936.0;10
513000;;;CHOCOLATE;SEASHELLS;7936.0;7
513200;;;CHOCOLATE;SEASHELLS;7938.0;5
513600;;;ROSES;SEASHELLS;14494.0;1
514200;;;ROSES;SEASHELLS;14488.0;2
514400;;;STRAWBERRIES;SEASHELLS;4072.0;7
514800;;;STRAWBERRIES;SEASHELLS;4075.0;6
514800;;;CHOCOLATE;SEASHELLS;7940.0;7
515200;;;ROSES;SEASHELLS;14494.0;1
516000;;;CHOCOLATE;SEASHELLS;7942.0;7
516400;;;CHOCOLATE;SEASHELLS;7942.0;7
517400;;;STRAWBERRIES;SEASHELLS;4075.0;5
517400;;;ROSES;SEASHELLS;14517.0;4
517600;;;STRAWBERRIES;SEASHELLS;4074.0;10
517600;;;GIFT_BASKET;SEASHELLS;71002.0;4
517600;;;STRAWBERRIES;SEASHELLS;4076.0;4
518000;;;ROSES;SEASHELLS;14521.0;3
518300;;;CHOCOLATE;SEASHELLS;7942.0;8
518700;;;STRAWBERRIES;SEASHELLS;4073.0;8
518800;;;STRAWBERRIES;SEASHELLS;4073.0;6
519600;;;ROSES;SEASHELLS;14517.0;5
519800;;;CHOCOLATE;SEASHELLS;7942.0;5
520200;;;GIFT_BASKET;SEASHELLS;71014.0;2
520400;;;ROSES;SEASHELLS;14527.0;3
520500;;;ROSES;SEASHELLS;14523.0;5
520600;;;STRAWBERRIES;SEASHELLS;4073.0;4
521400;;;STRAWBERRIES;SEASHELLS;4074.0;8
521700;;;CHOCOLATE;SEASHELLS;7946.0;5
521700;;;STRAWBERRIES;SEASHELLS;4073.0;10
522200;;;CHOCOLATE;SEASHELLS;7945.0;7
522500;;;ROSES;SEASHELLS;14529.0;4
522600;;;ROSES;SEASHELLS;14533.0;2
522900;;;ROSES;SEASHELLS;14535.0;3
523900;;;GIFT_BASKET;SEASHELLS;71071.0;1
524500;;;ROSES;SEASHELLS;14541.0;3
524500;;;CHOCOLATE;SEASHELLS;7943.0;6
524700;;;GIFT_BASKET;SEASHELLS;71058.0;2
525100;;;STRAWBERRIES;SEASHELLS;4075.0;4
525400;;;GIFT_BASKET;SEASHELLS;71097.0;2
526000;;;GIFT_BASKET;SEASHELLS;71101.0;5
526300;;;ROSES;SEASHELLS;14548.0;2
527100;;;STRAWBERRIES;SEASHELLS;4078.0;8
527300;;;ROSES;SEASHELLS;14534.0;2
527700;;;GIFT_BASKET;SEASHELLS;71094.0;5
527900;;;CHOCOLATE;SEASHELLS;7946.0;6
527900;;;ROSES;SEASHELLS;14524.0;1
528100;;;CHOCOLATE;SEASHELLS;7946.0;8
528300;;;CHOCOLATE;SEASHELLS;7947.0;8
528300;;;ROSES;SEASHELLS;14524.0;5
528400;;;CHOCOLATE;SEASHELLS;7946.0;4
528700;;;ROSES;SEASHELLS;14526.0;1
529100;;;CHOCOLATE;SEASHELLS;7947.0;5
529400;;;ROSES;SEASHELLS;14516.0;1
529500;;;STRAWBERRIES;SEASHELLS;4077.0;7
530600;;;CHOCOLATE;SEASHELLS;7955.0;7
530600;;;CHOCOLATE;SEASHELLS;7954.0;7
531200;;;GIFT_BASKET;SEASHELLS;71105.0;3
531600;;;GIFT_BASKET;SEASHELLS;71114.0;1
531600;;;GIFT_BASKET;SEASHELLS;71113.0;3
531600;;;ROSES;SEASHELLS;14512.0;5
531700;;;CHOCOLATE;SEASHELLS;7957.0;5
531900;;;ROSES;SEASHELLS;14516.0;1
532800;;;STRAWBERRIES;SEASHELLS;4073.0;9
532900;;;ROSES;SEASHELLS;14514.0;1
533000;;;STRAWBERRIES;SEASHELLS;4074.0;5
533300;;;ROSES;SEASHELLS;14517.0;4
533500;;;CHOCOLATE;SEASHELLS;7965.0;8
533800;;;GIFT_BASKET;SEASHELLS;71176.0;1
533800;;;STRAWBERRIES;SEASHELLS;4076.0;4
534300;;;STRAWBERRIES;SEASHELLS;4074.0;9
535000;;;STRAWBERRIES;SEASHELLS;4076.0;5
535200;;;CHOCOLATE;SEASHELLS;7964.0;6
535300;;;STRAWBERRIES;SEASHELLS;4076.0;8
535400;;;STRAWBERRIES;SEASHELLS;4078.0;10
535900;;;CHOCOLATE;SEASHELLS;7964.0;8
536300;;;ROSES;SEASHELLS;14521.0;1
537000;;;GIFT_BASKET;SEASHELLS;71233.0;1
537300;;;GIFT_BASKET;SEASHELLS;71219.0;1
537600;;;ROSES;SEASHELLS;14540.0;4
538000;;;ROSES;SEASHELLS;14540.0;3
538400;;;GIFT_BASKET;SEASHELLS;71191.0;6
539300;;;ROSES;SEASHELLS;14536.0;4
540000;;;CHOCOLATE;SEASHELLS;7945.0;7
540600;;;CHOCOLATE;SEASHELLS;7944.0;10
540700;;;STRAWBERRIES;SEASHELLS;4076.0;6
540900;;;ROSES;SEASHELLS;14546.0;1
541300;;;CHOCOLATE;SEASHELLS;7944.0;10
541400;;;ROSES;SEASHELLS;14546.0;5
541500;;;ROSES;SEASHELLS;14541.0;4
541600;;;CHOCOLATE;SEASHELLS;7943.0;6
542000;;;STRAWBERRIES;SEASHELLS;4079.0;4
542400;;;STRAWBERRIES;SEASHELLS;4079.0;9
543700;;;ROSES;SEASHELLS;14538.0;4
543900;;;STRAWBERRIES;SEASHELLS;4079.0;10
544300;;;ROSES;SEASHELLS;14534.0;3
545600;;;ROSES;SEASHELLS;14539.0;4
545800;;;STRAWBERRIES;SEASHELLS;4080.0;5
545800;;;ROSES;SEASHELLS;14545.0;3
546400;;;GIFT_BASKET;SEASHELLS;71102.0;1
546700;;;CHOCOLATE;SEASHELLS;7936.0;5
547300;;;STRAWBERRIES;SEASHELLS;4080.0;4
547300;;;CHOCOLATE;SEASHELLS;7934.0;8
548300;;;ROSES;SEASHELLS;14540.0;5
549300;;;CHOCOLATE;SEASHELLS;7923.0;7
549400;;;CHOCOLATE;SEASHELLS;7925.0;6
549500;;;ROSES;SEASHELLS;14538.0;1
549700;;;ROSES;SEASHELLS;14539.0;5
549800;;;STRAWBERRIES;SEASHELLS;4075.0;3
549900;;;STRAWBERRIES;SEASHELLS;4075.0;5
550000;;;GIFT_BASKET;SEASHELLS;71040.0;2
550700;;;CHOCOLATE;SEASHELLS;7925.0;7
551100;;;ROSES;SEASHELLS;14534.0;2
551400;;;STRAWBERRIES;SEASHELLS;4076.0;12
551500;;;ROSES;SEASHELLS;14535.0;4
551600;;;STRAWBERRIES;SEASHELLS;4078.0;5
552300;;;GIFT_BASKET;SEASHELLS;71040.0;1
552400;;;ROSES;SEASHELLS;14548.0;5
552400;;;CHOCOLATE;SEASHELLS;7926.0;7
552900;;;ROSES;SEASHELLS;14552.0;1
552900;;;ROSES;SEASHELLS;14552.0;4
553000;;;STRAWBERRIES;SEASHELLS;4077.0;9
553400;;;STRAWBERRIES;SEASHELLS;4076.0;8
553500;;;ROSES;SEASHELLS;14555.0;5
553800;;;CHOCOLATE;SEASHELLS;7926.0;6
553800;;;ROSES;SEASHELLS;14553.0;5
554000;;;ROSES;SEASHELLS;14558.0;4
554300;;;ROSES;SEASHELLS;14554.0;2
554500;;;ROSES;SEASHELLS;14556.0;4
554500;;;CHOCOLATE;SEASHELLS;7923.0;6
554800;;;CHOCOLATE;SEASHELLS;7922.0;8
555000;;;STRAWBERRIES;SEASHELLS;4077.0;6
555300;;;CHOCOLATE;SEASHELLS;7921.0;5
555400;;;GIFT_BASKET;SEASHELLS;71021.0;2
555400;;;GIFT_BASKET;SEASHELLS;71021.0;1
555500;;;CHOCOLATE;SEASHELLS;7921.0;8
555800;;;ROSES;SEASHELLS;14556.0;1
555800;;;CHOCOLATE;SEASHELLS;7922.0;5
556200;;;STRAWBERRIES;SEASHELLS;4078.0;6
556500;;;ROSES;SEASHELLS;14563.0;5
556500;;;GIFT_BASKET;SEASHELLS;71025.0;1
556600;;;STRAWBERRIES;SEASHELLS;4078.0;4
556600;;;CHOCOLATE;SEASHELLS;7921.0;5
556700;;;STRAWBERRIES;SEASHELLS;4077.0;8
556800;;;ROSES;SEASHELLS;14568.0;1
557400;;;ROSES;SEASHELLS;14585.0;5
557600;;;STRAWBERRIES;SEASHELLS;4078.0;6
558100;;;STRAWBERRIES;SEASHELLS;4078.0;4
558500;;;STRAWBERRIES;SEASHELLS;4077.0;7
559300;;;ROSES;SEASHELLS;14571.0;1
559600;;;CHOCOLATE;SEASHELLS;7910.0;6
559700;;;ROSES;SEASHELLS;14570.0;9
560100;;;ROSES;SEASHELLS;14574.0;7
560100;;;STRAWBERRIES;SEASHELLS;4080.0;5
560200;;;STRAWBERRIES;SEASHELLS;4078.0;5
560800;;;ROSES;SEASHELLS;14569.0;9
560800;;;STRAWBERRIES;SEASHELLS;4078.0;4
561200;;;STRAWBERRIES;SEASHELLS;4080.0;5
561300;;;GIFT_BASKET;SEASHELLS;71034.0;10
561400;;;CHOCOLATE;SEASHELLS;7904.0;5
561800;;;CHOCOLATE;SEASHELLS;7906.0;6
562100;;;STRAWBERRIES;SEASHELLS;4080.0;8
562100;;;ROSES;SEASHELLS;14570.0;1
562300;;;CHOCOLATE;SEASHELLS;7907.0;8
562700;;;STRAWBERRIES;SEASHELLS;4077.0;6
563100;;;STRAWBERRIES;SEASHELLS;4078.0;10
564500;;;ROSES;SEASHELLS;14609.0;2
564600;;;ROSES;SEASHELLS;14617.0;1
564700;;;STRAWBERRIES;SEASHELLS;4080.0;8
564800;;;CHOCOLATE;SEASHELLS;7901.0;5
565200;;;STRAWBERRIES;SEASHELLS;4077.0;8
565800;;;STRAWBERRIES;SEASHELLS;4076.0;10
566100;;;STRAWBERRIES;SEASHELLS;4076.0;6
566400;;;ROSES;SEASHELLS;14597.0;4
566500;;;ROSES;SEASHELLS;14597.0;10
566700;;;CHOCOLATE;SEASHELLS;7892.0;10
567100;;;CHOCOLATE;SEASHELLS;7893.0;8
567600;;;GIFT_BASKET;SEASHELLS;71049.0;9
567700;;;ROSES;SEASHELLS;14597.0;5
568700;;;STRAWBERRIES;SEASHELLS;4076.0;10
568800;;;ROSES;SEASHELLS;14584.0;3
568900;;;STRAWBERRIES;SEASHELLS;4075.0;10
569300;;;ROSES;SEASHELLS;14587.0;4
569400;;;GIFT_BASKET;SEASHELLS;71081.0;2
569500;;;ROSES;SEASHELLS;14588.0;2
570000;;;CHOCOLATE;SEASHELLS;7894.0;8
570200;;;ROSES;SEASHELLS;14595.0;5
571500;;;ROSES;SEASHELLS;14601.0;4
571700;;;STRAWBERRIES;SEASHELLS;4075.0;9
572000;;;STRAWBERRIES;SEASHELLS;4075.0;10
572400;;;CHOCOLATE;SEASHELLS;7891.0;5
572500;;;STRAWBERRIES;SEASHELLS;4076.0;7
572900;;;STRAWBERRIES;SEASHELLS;4077.0;6
573200;;;GIFT_BASKET;SEASHELLS;71057.0;2
573400;;;CHOCOLATE;SEASHELLS;7893.0;5
573600;;;CHOCOLATE;SEASHELLS;7895.0;10
573600;;;GIFT_BASKET;SEASHELLS;71054.0;2
573600;;;GIFT_BASKET;SEASHELLS;71054.0;1
573700;;;STRAWBERRIES;SEASHELLS;4076.0;4
573900;;;GIFT_BASKET;SEASHELLS;71073.0;10
574600;;;STRAWBERRIES;SEASHELLS;4078.0;6
574700;;;ROSES;SEASHELLS;14602.0;5
575300;;;STRAWBERRIES;SEASHELLS;4078.0;6
575800;;;ROSES;SEASHELLS;14611.0;1
576000;;;GIFT_BASKET;SEASHELLS;70992.0;2
576300;;;STRAWBERRIES;SEASHELLS;4077.0;12
576800;;;STRAWBERRIES;SEASHELLS;4077.0;12
577300;;;GIFT_BASKET;SEASHELLS;70988.0;8
577400;;;STRAWBERRIES;SEASHELLS;4078.0;7
577700;;;CHOCOLATE;SEASHELLS;7888.0;7
579000;;;STRAWBERRIES;SEASHELLS;4076.0;4
579800;;;STRAWBERRIES;SEASHELLS;4076.0;8
579800;;;CHOCOLATE;SEASHELLS;7886.0;7
579900;;;CHOCOLATE;SEASHELLS;7886.0;7
580300;;;ROSES;SEASHELLS;14597.0;10
580500;;;STRAWBERRIES;SEASHELLS;4078.0;5
580600;;;GIFT_BASKET;SEASHELLS;70932.0;5
581000;;;CHOCOLATE;SEASHELLS;7881.0;6
581100;;;ROSES;SEASHELLS;14599.0;5
581500;;;GIFT_BASKET;SEASHELLS;70949.0;5
581600;;;CHOCOLATE;SEASHELLS;7881.0;5
582000;;;CHOCOLATE;SEASHELLS;7882.0;8
582300;;;ROSES;SEASHELLS;14605.0;3
582300;;;GIFT_BASKET;SEASHELLS;70949.0;1
582300;;;CHOCOLATE;SEASHELLS;7879.0;5
582300;;;GIFT_BASKET;SEASHELLS;70950.0;2
582400;;;CHOCOLATE;SEASHELLS;7881.0;6
582900;;;ROSES;SEASHELLS;14611.0;1
583300;;;CHOCOLATE;SEASHELLS;7884.0;4
583500;;;ROSES;SEASHELLS;14607.0;1
583900;;;STRAWBERRIES;SEASHELLS;4081.0;9
584200;;;STRAWBERRIES;SEASHELLS;4079.0;5
585300;;;STRAWBERRIES;SEASHELLS;4079.0;7
585500;;;CHOCOLATE;SEASHELLS;7882.0;5
586500;;;GIFT_BASKET;SEASHELLS;70985.0;1
586700;;;ROSES;SEASHELLS;14614.0;2
586800;;;CHOCOLATE;SEASHELLS;7878.0;8
586800;;;ROSES;SEASHELLS;14611.0;9
587100;;;ROSES;SEASHELLS;14618.0;1
587200;;;ROSES;SEASHELLS;14621.0;3
587300;;;GIFT_BASKET;SEASHELLS;70981.0;1
587600;;;STRAWBERRIES;SEASHELLS;4079.0;7
587700;;;STRAWBERRIES;SEASHELLS;4079.0;5
587800;;;CHOCOLATE;SEASHELLS;7878.0;8
587800;;;STRAWBERRIES;SEASHELLS;4078.0;9
587900;;;CHOCOLATE;SEASHELLS;7877.0;8
588000;;;STRAWBERRIES;SEASHELLS;4078.0;7
588500;;;GIFT_BASKET;SEASHELLS;70933.0;3
588600;;;CHOCOLATE;SEASHELLS;7875.0;7
588600;;;ROSES;SEASHELLS;14614.0;3
589100;;;CHOCOLATE;SEASHELLS;7875.0;7
589200;;;ROSES;SEASHELLS;14608.0;4
589300;;;CHOCOLATE;SEASHELLS;7877.0;8
589800;;;STRAWBERRIES;SEASHELLS;4081.0;5
590300;;;STRAWBERRIES;SEASHELLS;4081.0;6
590700;;;CHOCOLATE;SEASHELLS;7874.0;5
591100;;;STRAWBERRIES;SEASHELLS;4079.0;9
592000;;;ROSES;SEASHELLS;14560.0;4
592200;;;CHOCOLATE;SEASHELLS;7871.0;7
592700;;;STRAWBERRIES;SEASHELLS;4080.0;4
592700;;;CHOCOLATE;SEASHELLS;7869.0;7
592900;;;ROSES;SEASHELLS;14551.0;4
593000;;;CHOCOLATE;SEASHELLS;7871.0;5
593100;;;CHOCOLATE;SEASHELLS;7872.0;4
593400;;;CHOCOLATE;SEASHELLS;7871.0;4
593400;;;ROSES;SEASHELLS;14552.0;4
593800;;;CHOCOLATE;SEASHELLS;7872.0;5
594500;;;STRAWBERRIES;SEASHELLS;4077.0;4
594700;;;ROSES;SEASHELLS;14552.0;5
595400;;;STRAWBERRIES;SEASHELLS;4078.0;5
595500;;;STRAWBERRIES;SEASHELLS;4077.0;8
596200;;;STRAWBERRIES;SEASHELLS;4076.0;5
596400;;;STRAWBERRIES;SEASHELLS;4074.0;10
596700;;;GIFT_BASKET;SEASHELLS;70853.0;6
596800;;;STRAWBERRIES;SEASHELLS;4076.0;6
597100;;;STRAWBERRIES;SEASHELLS;4074.0;5
597100;;;CHOCOLATE;SEASHELLS;7870.0;6
597600;;;STRAWBERRIES;SEASHELLS;4075.0;8
597800;;;STRAWBERRIES;SEASHELLS;4076.0;9
597900;;;STRAWBERRIES;SEASHELLS;4078.0;10
598400;;;CHOCOLATE;SEASHELLS;7869.0;6
598800;;;CHOCOLATE;SEASHELLS;7869.0;8
599000;;;STRAWBERRIES;SEASHELLS;4080.0;10
599200;;;CHOCOLATE;SEASHELLS;7866.0;8
599700;;;ROSES;SEASHELLS;14538.0;5
599800;;;GIFT_BASKET;SEASHELLS;70872.0;9
600200;;;GIFT_BASKET;SEASHELLS;70868.0;1
600200;;;CHOCOLATE;SEASHELLS;7869.0;5
600200;;;ROSES;SEASHELLS;14544.0;4
600200;;;ROSES;SEASHELLS;14545.0;2
600200;;;GIFT_BASKET;SEASHELLS;70868.0;5
600300;;;CHOCOLATE;SEASHELLS;7870.0;8
600400;;;STRAWBERRIES;SEASHELLS;4081.0;9
600500;;;ROSES;SEASHELLS;14546.0;5
600700;;;GIFT_BASKET;SEASHELLS;70875.0;2
600900;;;STRAWBERRIES;SEASHELLS;4084.0;7
600900;;;CHOCOLATE;SEASHELLS;7867.0;8
601100;;;CHOCOLATE;SEASHELLS;7868.0;7
601700;;;ROSES;SEASHELLS;14542.0;4
601800;;;CHOCOLATE;SEASHELLS;7866.0;7
601800;;;STRAWBERRIES;SEASHELLS;4083.0;9
602100;;;CHOCOLATE;SEASHELLS;7863.0;5
602400;;;CHOCOLATE;SEASHELLS;7864.0;6
602400;;;ROSES;SEASHELLS;14538.0;1
602800;;;GIFT_BASKET;SEASHELLS;70833.0;2
602900;;;CHOCOLATE;SEASHELLS;7863.0;5
603100;;;ROSES;SEASHELLS;14528.0;4
603300;;;GIFT_BASKET;SEASHELLS;70831.0;9
603500;;;CHOCOLATE;SEASHELLS;7862.0;7
603600;;;STRAWBERRIES;SEASHELLS;4079.0;8
603800;;;STRAWBERRIES;SEASHELLS;4079.0;3
603800;;;GIFT_BASKET;SEASHELLS;70841.0;2
604100;;;ROSES;SEASHELLS;14522.0;4
604300;;;CHOCOLATE;SEASHELLS;7864.0;7
604800;;;CHOCOLATE;SEASHELLS;7864.0;5
604900;;;STRAWBERRIES;SEASHELLS;4078.0;6
605200;;;ROSES;SEASHELLS;14511.0;5
605200;;;STRAWBERRIES;SEASHELLS;4078.0;10
605300;;;STRAWBERRIES;SEASHELLS;4076.0;8
605300;;;ROSES;SEASHELLS;14510.0;3
605400;;;ROSES;SEASHELLS;14507.0;4
605400;;;STRAWBERRIES;SEASHELLS;4077.0;4
605600;;;STRAWBERRIES;SEASHELLS;4077.0;4
605900;;;CHOCOLATE;SEASHELLS;7865.0;6
605900;;;GIFT_BASKET;SEASHELLS;70785.0;1
605900;;;CHOCOLATE;SEASHELLS;7865.0;7
605900;;;GIFT_BASKET;SEASHELLS;70780.0;2
606000;;;CHOCOLATE;SEASHELLS;7865.0;6
606000;;;GIFT_BASKET;SEASHELLS;70772.0;2
606100;;;CHOCOLATE;SEASHELLS;7864.0;6
606100;;;ROSES;SEASHELLS;14499.0;1
606500;;;ROSES;SEASHELLS;14498.0;3
607400;;;GIFT_BASKET;SEASHELLS;70765.0;2
607400;;;CHOCOLATE;SEASHELLS;7864.0;7
607700;;;STRAWBERRIES;SEASHELLS;4075.0;8
608000;;;ROSES;SEASHELLS;14487.0;2
608200;;;CHOCOLATE;SEASHELLS;7863.0;8
608200;;;STRAWBERRIES;SEASHELLS;4075.0;12
608500;;;ROSES;SEASHELLS;14486.0;3
608800;;;STRAWBERRIES;SEASHELLS;4073.0;4
608800;;;CHOCOLATE;SEASHELLS;7864.0;5
608800;;;ROSES;SEASHELLS;14487.0;4
609200;;;ROSES;SEASHELLS;14483.0;5
609300;;;STRAWBERRIES;SEASHELLS;4074.0;5
609400;;;STRAWBERRIES;SEASHELLS;4075.0;5
609600;;;GIFT_BASKET;SEASHELLS;70794.0;1
609700;;;CHOCOLATE;SEASHELLS;7865.0;5
609800;;;CHOCOLATE;SEASHELLS;7865.0;5
610200;;;STRAWBERRIES;SEASHELLS;4077.0;5
610400;;;GIFT_BASKET;SEASHELLS;70787.0;2
610400;;;CHOCOLATE;SEASHELLS;7864.0;8
610500;;;STRAWBERRIES;SEASHELLS;4078.0;6
610500;;;STRAWBERRIES;SEASHELLS;4077.0;7
611500;;;STRAWBERRIES;SEASHELLS;4077.0;5
611800;;;CHOCOLATE;SEASHELLS;7868.0;5
611900;;;CHOCOLATE;SEASHELLS;7868.0;7
612000;;;STRAWBERRIES;SEASHELLS;4077.0;10
612400;;;CHOCOLATE;SEASHELLS;7867.0;7
612400;;;STRAWBERRIES;SEASHELLS;4078.0;5
612500;;;STRAWBERRIES;SEASHELLS;4078.0;5
612800;;;STRAWBERRIES;SEASHELLS;4080.0;6
612900;;;STRAWBERRIES;SEASHELLS;4078.0;7
613100;;;STRAWBERRIES;SEASHELLS;4080.0;10
613100;;;ROSES;SEASHELLS;14477.0;1
613500;;;STRAWBERRIES;SEASHELLS;4078.0;6
613800;;;STRAWBERRIES;SEASHELLS;4079.0;6
614000;;;GIFT_BASKET;SEASHELLS;70883.0;2
614100;;;STRAWBERRIES;SEASHELLS;4079.0;10
614200;;;STRAWBERRIES;SEASHELLS;4077.0;4
614400;;;STRAWBERRIES;SEASHELLS;4078.0;5
614900;;;STRAWBERRIES;SEASHELLS;4077.0;10
615100;;;GIFT_BASKET;SEASHELLS;70875.0;1
615200;;;STRAWBERRIES;SEASHELLS;4076.0;9
615400;;;ROSES;SEASHELLS;14500.0;3
615900;;;ROSES;SEASHELLS;14510.0;2
616000;;;STRAWBERRIES;SEASHELLS;4077.0;7
616300;;;STRAWBERRIES;SEASHELLS;4079.0;6
616900;;;CHOCOLATE;SEASHELLS;7866.0;7
616900;;;GIFT_BASKET;SEASHELLS;70877.0;5
616900;;;GIFT_BASKET;SEASHELLS;70878.0;1
617200;;;ROSES;SEASHELLS;14496.0;1
617300;;;STRAWBERRIES;SEASHELLS;4079.0;9
617500;;;STRAWBERRIES;SEASHELLS;4077.0;3
617600;;;STRAWBERRIES;SEASHELLS;4077.0;10
617700;;;ROSES;SEASHELLS;14498.0;3
617800;;;CHOCOLATE;SEASHELLS;7866.0;5
617900;;;ROSES;SEASHELLS;14494.0;8
617900;;;GIFT_BASKET;SEASHELLS;70898.0;9
618800;;;STRAWBERRIES;SEASHELLS;4078.0;10
619200;;;STRAWBERRIES;SEASHELLS;4077.0;9
619500;;;ROSES;SEASHELLS;14497.0;4
619800;;;CHOCOLATE;SEASHELLS;7864.0;7
620000;;;STRAWBERRIES;SEASHELLS;4078.0;10
620000;;;STRAWBERRIES;SEASHELLS;4076.0;4
620300;;;STRAWBERRIES;SEASHELLS;4079.0;6
620700;;;ROSES;SEASHELLS;14495.0;1
620800;;;GIFT_BASKET;SEASHELLS;70853.0;2
621000;;;STRAWBERRIES;SEASHELLS;4078.0;5
621500;;;STRAWBERRIES;SEASHELLS;4075.0;7
621500;;;CHOCOLATE;SEASHELLS;7857.0;10
621700;;;ROSES;SEASHELLS;14493.0;3
622900;;;CHOCOLATE;SEASHELLS;7862.0;6
623000;;;ROSES;SEASHELLS;14487.0;5
623000;;;CHOCOLATE;SEASHELLS;7863.0;5
623100;;;CHOCOLATE;SEASHELLS;7863.0;6
623100;;;CHOCOLATE;SEASHELLS;7862.0;6
623300;;;CHOCOLATE;SEASHELLS;7861.0;7
623500;;;CHOCOLATE;SEASHELLS;7861.0;6
624800;;;ROSES;SEASHELLS;14479.0;1
624900;;;STRAWBERRIES;SEASHELLS;4071.0;10
625000;;;STRAWBERRIES;SEASHELLS;4070.0;10
626400;;;STRAWBERRIES;SEASHELLS;4069.0;4
626600;;;STRAWBERRIES;SEASHELLS;4068.0;5
626800;;;STRAWBERRIES;SEASHELLS;4068.0;4
626900;;;GIFT_BASKET;SEASHELLS;70797.0;2
627300;;;GIFT_BASKET;SEASHELLS;70782.0;2
627400;;;ROSES;SEASHELLS;14493.0;1
627700;;;STRAWBERRIES;SEASHELLS;4069.0;4
627800;;;STRAWBERRIES;SEASHELLS;4068.0;10
628000;;;ROSES;SEASHELLS;14483.0;4
628200;;;ROSES;SEASHELLS;14481.0;5
628400;;;STRAWBERRIES;SEASHELLS;4069.0;6
628700;;;CHOCOLATE;SEASHELLS;7860.0;7
628800;;;STRAWBERRIES;SEASHELLS;4070.0;4
628900;;;CHOCOLATE;SEASHELLS;7858.0;8
629500;;;ROSES;SEASHELLS;14486.0;1
629600;;;CHOCOLATE;SEASHELLS;7860.0;5
629700;;;STRAWBERRIES;SEASHELLS;4069.0;9
630100;;;STRAWBERRIES;SEASHELLS;4069.0;5
630600;;;ROSES;SEASHELLS;14496.0;3
630700;;;CHOCOLATE;SEASHELLS;7860.0;4
630800;;;ROSES;SEASHELLS;14494.0;2
631300;;;ROSES;SEASHELLS;14496.0;9
631500;;;CHOCOLATE;SEASHELLS;7858.0;7
631700;;;CHOCOLATE;SEASHELLS;7859.0;6
631900;;;CHOCOLATE;SEASHELLS;7859.0;5
632000;;;ROSES;SEASHELLS;14502.0;2
632200;;;STRAWBERRIES;SEASHELLS;4070.0;6
633000;;;STRAWBERRIES;SEASHELLS;4070.0;4
633800;;;STRAWBERRIES;SEASHELLS;4069.0;5
633800;;;ROSES;SEASHELLS;14493.0;5
634200;;;STRAWBERRIES;SEASHELLS;4069.0;9
634600;;;STRAWBERRIES;SEASHELLS;4069.0;10
634700;;;STRAWBERRIES;SEASHELLS;4071.0;5
634800;;;STRAWBERRIES;SEASHELLS;4070.0;10
635300;;;STRAWBERRIES;SEASHELLS;4067.0;10
635300;;;CHOCOLATE;SEASHELLS;7860.0;9
635700;;;GIFT_BASKET;SEASHELLS;70727.0;2
635800;;;STRAWBERRIES;SEASHELLS;4067.0;5
636300;;;STRAWBERRIES;SEASHELLS;4065.0;7
636400;;;STRAWBERRIES;SEASHELLS;4067.0;8
636400;;;ROSES;SEASHELLS;14508.0;5
636800;;;STRAWBERRIES;SEASHELLS;4067.0;6
637000;;;ROSES;SEASHELLS;14515.0;2
637200;;;CHOCOLATE;SEASHELLS;7866.0;5
637200;;;STRAWBERRIES;SEASHELLS;4067.0;9
637500;;;ROSES;SEASHELLS;14516.0;6
637600;;;GIFT_BASKET;SEASHELLS;70704.0;1
637600;;;GIFT_BASKET;SEASHELLS;70703.0;2
638900;;;GIFT_BASKET;SEASHELLS;70737.0;2
639500;;;CHOCOLATE;SEASHELLS;7865.0;7
639500;;;GIFT_BASKET;SEASHELLS;70751.0;1
639500;;;CHOCOLATE;SEASHELLS;7865.0;8
639500;;;GIFT_BASKET;SEASHELLS;70751.0;5
639700;;;CHOCOLATE;SEASHELLS;7864.0;7
640100;;;ROSES;SEASHELLS;14545.0;1
640200;;;ROSES;SEASHELLS;14547.0;1
640700;;;STRAWBERRIES;SEASHELLS;4065.0;9
640700;;;ROSES;SEASHELLS;14543.0;5
640900;;;GIFT_BASKET;SEASHELLS;70733.0;10
641900;;;CHOCOLATE;SEASHELLS;7862.0;8
642400;;;STRAWBERRIES;SEASHELLS;4062.0;9
643000;;;CHOCOLATE;SEASHELLS;7868.0;9
643300;;;CHOCOLATE;SEASHELLS;7869.0;5
643600;;;STRAWBERRIES;SEASHELLS;4059.0;11
643600;;;STRAWBERRIES;SEASHELLS;4060.0;6
643800;;;STRAWBERRIES;SEASHELLS;4060.0;10
644300;;;GIFT_BASKET;SEASHELLS;70759.0;6
644400;;;CHOCOLATE;SEASHELLS;7867.0;8
644600;;;CHOCOLATE;SEASHELLS;7864.0;7
644700;;;STRAWBERRIES;SEASHELLS;4057.0;8
644900;;;STRAWBERRIES;SEASHELLS;4057.0;11
645300;;;GIFT_BASKET;SEASHELLS;70769.0;10
645600;;;CHOCOLATE;SEASHELLS;7864.0;5
645900;;;GIFT_BASKET;SEASHELLS;70774.0;4
646300;;;CHOCOLATE;SEASHELLS;7863.0;8
646400;;;ROSES;SEASHELLS;14566.0;1
646700;;;CHOCOLATE;SEASHELLS;7860.0;5
647400;;;STRAWBERRIES;SEASHELLS;4060.0;6
647700;;;STRAWBERRIES;SEASHELLS;4060.0;8
647800;;;STRAWBERRIES;SEASHELLS;4060.0;5
648000;;;CHOCOLATE;SEASHELLS;7867.0;6
648500;;;STRAWBERRIES;SEASHELLS;4060.0;9
648600;;;GIFT_BASKET;SEASHELLS;70803.0;6
649300;;;ROSES;SEASHELLS;14571.0;5
649400;;;GIFT_BASKET;SEASHELLS;70797.0;2
649400;;;CHOCOLATE;SEASHELLS;7872.0;5
649500;;;STRAWBERRIES;SEASHELLS;4060.0;7
649700;;;CHOCOLATE;SEASHELLS;7873.0;7
649900;;;CHOCOLATE;SEASHELLS;7871.0;6
650000;;;ROSES;SEASHELLS;14563.0;4
650200;;;ROSES;SEASHELLS;14567.0;5
650600;;;ROSES;SEASHELLS;14562.0;3
650800;;;ROSES;SEASHELLS;14562.0;3
650900;;;STRAWBERRIES;SEASHELLS;4059.0;5
651100;;;STRAWBERRIES;SEASHELLS;4060.0;8
651200;;;STRAWBERRIES;SEASHELLS;4061.0;6
651500;;;CHOCOLATE;SEASHELLS;7869.0;7
651500;;;ROSES;SEASHELLS;14551.0;5
651500;;;CHOCOLATE;SEASHELLS;7869.0;5
651700;;;GIFT_BASKET;SEASHELLS;70765.0;5
652000;;;CHOCOLATE;SEASHELLS;7871.0;8
652500;;;GIFT_BASKET;SEASHELLS;70754.0;2
652900;;;STRAWBERRIES;SEASHELLS;4057.0;6
653400;;;ROSES;SEASHELLS;14544.0;2
653700;;;CHOCOLATE;SEASHELLS;7873.0;5
654500;;;STRAWBERRIES;SEASHELLS;4059.0;4
654900;;;CHOCOLATE;SEASHELLS;7871.0;6
655100;;;ROSES;SEASHELLS;14535.0;4
655800;;;GIFT_BASKET;SEASHELLS;70805.0;3
655800;;;GIFT_BASKET;SEASHELLS;70805.0;2
656000;;;STRAWBERRIES;SEASHELLS;4059.0;9
656000;;;STRAWBERRIES;SEASHELLS;4058.0;5
656200;;;GIFT_BASKET;SEASHELLS;70785.0;1
656600;;;STRAWBERRIES;SEASHELLS;4059.0;9
656700;;;CHOCOLATE;SEASHELLS;7875.0;7
656700;;;ROSES;SEASHELLS;14544.0;2
656800;;;STRAWBERRIES;SEASHELLS;4058.0;5
657000;;;ROSES;SEASHELLS;14541.0;4
657100;;;GIFT_BASKET;SEASHELLS;70818.0;2
657100;;;ROSES;SEASHELLS;14542.0;3
657200;;;ROSES;SEASHELLS;14541.0;5
657500;;;ROSES;SEASHELLS;14538.0;5
658000;;;GIFT_BASKET;SEASHELLS;70842.0;1
658100;;;STRAWBERRIES;SEASHELLS;4061.0;9
658200;;;STRAWBERRIES;SEASHELLS;4059.0;8
658300;;;CHOCOLATE;SEASHELLS;7873.0;5
658700;;;GIFT_BASKET;SEASHELLS;70833.0;2
658700;;;GIFT_BASKET;SEASHELLS;70833.0;5
658700;;;STRAWBERRIES;SEASHELLS;4058.0;9
658800;;;GIFT_BASKET;SEASHELLS;70819.0;2
658900;;;STRAWBERRIES;SEASHELLS;4059.0;5
659000;;;STRAWBERRIES;SEASHELLS;4060.0;4
660000;;;ROSES;SEASHELLS;14527.0;5
660200;;;STRAWBERRIES;SEASHELLS;4058.0;7
660300;;;STRAWBERRIES;SEASHELLS;4058.0;6
660600;;;ROSES;SEASHELLS;14531.0;4
660900;;;GIFT_BASKET;SEASHELLS;70792.0;5
660900;;;GIFT_BASKET;SEASHELLS;70793.0;2
661000;;;CHOCOLATE;SEASHELLS;7876.0;7
661400;;;ROSES;SEASHELLS;14522.0;3
661800;;;STRAWBERRIES;SEASHELLS;4058.0;10
662000;;;STRAWBERRIES;SEASHELLS;4058.0;5
662300;;;GIFT_BASKET;SEASHELLS;70830.0;2
662300;;;ROSES;SEASHELLS;14529.0;2
662600;;;CHOCOLATE;SEASHELLS;7879.0;8
663100;;;ROSES;SEASHELLS;14530.0;2
663200;;;STRAWBERRIES;SEASHELLS;4056.0;10
663600;;;ROSES;SEASHELLS;14532.0;4
663800;;;GIFT_BASKET;SEASHELLS;70822.0;6
663900;;;STRAWBERRIES;SEASHELLS;4057.0;10
664100;;;CHOCOLATE;SEASHELLS;7873.0;7
664300;;;GIFT_BASKET;SEASHELLS;70855.0;2
664400;;;CHOCOLATE;SEASHELLS;7873.0;6
664600;;;ROSES;SEASHELLS;14529.0;2
665200;;;STRAWBERRIES;SEASHELLS;4058.0;7
665600;;;ROSES;SEASHELLS;14540.0;1
665800;;;CHOCOLATE;SEASHELLS;7876.0;6
666000;;;ROSES;SEASHELLS;14544.0;1
666400;;;ROSES;SEASHELLS;14536.0;5
666500;;;CHOCOLATE;SEASHELLS;7875.0;5
667000;;;ROSES;SEASHELLS;14537.0;2
667000;;;STRAWBERRIES;SEASHELLS;4056.0;4
667100;;;STRAWBERRIES;SEASHELLS;4055.0;4
667800;;;STRAWBERRIES;SEASHELLS;4056.0;10
668000;;;ROSES;SEASHELLS;14543.0;1
668100;;;STRAWBERRIES;SEASHELLS;4057.0;5
668300;;;ROSES;SEASHELLS;14536.0;2
668400;;;STRAWBERRIES;SEASHELLS;4055.0;10
668400;;;GIFT_BASKET;SEASHELLS;70763.0;2
668400;;;CHOCOLATE;SEASHELLS;7872.0;5
668600;;;ROSES;SEASHELLS;14535.0;3
670300;;;CHOCOLATE;SEASHELLS;7868.0;9
670500;;;CHOCOLATE;SEASHELLS;7871.0;7
670600;;;STRAWBERRIES;SEASHELLS;4056.0;7
670600;;;ROSES;SEASHELLS;14544.0;2
671000;;;CHOCOLATE;SEASHELLS;7874.0;8
671100;;;ROSES;SEASHELLS;14540.0;3
671200;;;CHOCOLATE;SEASHELLS;7872.0;10
671900;;;GIFT_BASKET;SEASHELLS;70694.0;3
672000;;;CHOCOLATE;SEASHELLS;7870.0;7
672100;;;ROSES;SEASHELLS;14532.0;11
672200;;;STRAWBERRIES;SEASHELLS;4054.0;6
672400;;;ROSES;SEASHELLS;14537.0;2
672700;;;STRAWBERRIES;SEASHELLS;4053.0;9
672700;;;ROSES;SEASHELLS;14536.0;5
673100;;;CHOCOLATE;SEASHELLS;7870.0;7
673200;;;ROSES;SEASHELLS;14545.0;4
673800;;;STRAWBERRIES;SEASHELLS;4052.0;9
673900;;;CHOCOLATE;SEASHELLS;7873.0;7
674500;;;ROSES;SEASHELLS;14535.0;4
674700;;;STRAWBERRIES;SEASHELLS;4055.0;9
675000;;;STRAWBERRIES;SEASHELLS;4054.0;9
675100;;;STRAWBERRIES;SEASHELLS;4054.0;4
675100;;;ROSES;SEASHELLS;14533.0;4
675400;;;GIFT_BASKET;SEASHELLS;70749.0;4
675400;;;GIFT_BASKET;SEASHELLS;70749.0;2
676800;;;STRAWBERRIES;SEASHELLS;4053.0;5
677300;;;STRAWBERRIES;SEASHELLS;4053.0;4
677500;;;ROSES;SEASHELLS;14540.0;2
677800;;;ROSES;SEASHELLS;14540.0;5
679200;;;CHOCOLATE;SEASHELLS;7882.0;5
680300;;;CHOCOLATE;SEASHELLS;7885.0;5
680500;;;STRAWBERRIES;SEASHELLS;4056.0;9
680600;;;GIFT_BASKET;SEASHELLS;70839.0;2
680700;;;STRAWBERRIES;SEASHELLS;4056.0;4
681500;;;CHOCOLATE;SEASHELLS;7887.0;7
681700;;;ROSES;SEASHELLS;14549.0;4
683000;;;STRAWBERRIES;SEASHELLS;4055.0;5
684300;;;STRAWBERRIES;SEASHELLS;4056.0;7
684300;;;ROSES;SEASHELLS;14546.0;1
684400;;;STRAWBERRIES;SEASHELLS;4055.0;6
684700;;;ROSES;SEASHELLS;14550.0;2
684900;;;CHOCOLATE;SEASHELLS;7893.0;5
684900;;;STRAWBERRIES;SEASHELLS;4056.0;12
685300;;;ROSES;SEASHELLS;14546.0;9
685500;;;STRAWBERRIES;SEASHELLS;4055.0;11
685500;;;CHOCOLATE;SEASHELLS;7891.0;6
685600;;;ROSES;SEASHELLS;14553.0;3
685700;;;ROSES;SEASHELLS;14555.0;3
685900;;;ROSES;SEASHELLS;14556.0;5
685900;;;CHOCOLATE;SEASHELLS;7889.0;4
686000;;;CHOCOLATE;SEASHELLS;7890.0;5
686100;;;CHOCOLATE;SEASHELLS;7890.0;7
686200;;;STRAWBERRIES;SEASHELLS;4056.0;9
686400;;;STRAWBERRIES;SEASHELLS;4054.0;7
686400;;;CHOCOLATE;SEASHELLS;7892.0;7
686400;;;ROSES;SEASHELLS;14549.0;5
686500;;;ROSES;SEASHELLS;14549.0;5
686500;;;CHOCOLATE;SEASHELLS;7890.0;9
686600;;;ROSES;SEASHELLS;14553.0;1
686600;;;STRAWBERRIES;SEASHELLS;4055.0;12
687100;;;STRAWBERRIES;SEASHELLS;4056.0;5
687400;;;STRAWBERRIES;SEASHELLS;4056.0;11
687900;;;STRAWBERRIES;SEASHELLS;4058.0;9
687900;;;STRAWBERRIES;SEASHELLS;4057.0;5
688500;;;STRAWBERRIES;SEASHELLS;4057.0;5
689000;;;CHOCOLATE;SEASHELLS;7895.0;7
689200;;;ROSES;SEASHELLS;14580.0;3
689400;;;GIFT_BASKET;SEASHELLS;70917.0;1
689400;;;STRAWBERRIES;SEASHELLS;4057.0;9
689500;;;STRAWBERRIES;SEASHELLS;4055.0;8
689500;;;CHOCOLATE;SEASHELLS;7895.0;8
689600;;;CHOCOLATE;SEASHELLS;7894.0;8
689700;;;CHOCOLATE;SEASHELLS;7895.0;4
689700;;;CHOCOLATE;SEASHELLS;7896.0;6
689900;;;GIFT_BASKET;SEASHELLS;70906.0;3
689900;;;ROSES;SEASHELLS;14584.0;5
690000;;;STRAWBERRIES;SEASHELLS;4058.0;4
690300;;;CHOCOLATE;SEASHELLS;7895.0;8
690500;;;CHOCOLATE;SEASHELLS;7897.0;7
690700;;;STRAWBERRIES;SEASHELLS;4058.0;5
691400;;;GIFT_BASKET;SEASHELLS;70940.0;2
691600;;;ROSES;SEASHELLS;14594.0;4
691700;;;STRAWBERRIES;SEASHELLS;4057.0;4
691900;;;STRAWBERRIES;SEASHELLS;4056.0;9
692200;;;CHOCOLATE;SEASHELLS;7893.0;6
692200;;;ROSES;SEASHELLS;14601.0;4
693900;;;STRAWBERRIES;SEASHELLS;4057.0;9
694800;;;STRAWBERRIES;SEASHELLS;4058.0;5
695000;;;ROSES;SEASHELLS;14613.0;4
695100;;;STRAWBERRIES;SEASHELLS;4058.0;12
695300;;;ROSES;SEASHELLS;14609.0;1
695800;;;CHOCOLATE;SEASHELLS;7888.0;8
695900;;;ROSES;SEASHELLS;14617.0;2
696400;;;STRAWBERRIES;SEASHELLS;4057.0;7
696500;;;CHOCOLATE;SEASHELLS;7888.0;8
696600;;;STRAWBERRIES;SEASHELLS;4057.0;8
696600;;;GIFT_BASKET;SEASHELLS;70927.0;8
696700;;;STRAWBERRIES;SEASHELLS;4057.0;10
697600;;;ROSES;SEASHELLS;14625.0;2
697800;;;ROSES;SEASHELLS;14621.0;2
698000;;;GIFT_BASKET;SEASHELLS;70928.0;2
698000;;;GIFT_BASKET;SEASHELLS;70927.0;1
698100;;;STRAWBERRIES;SEASHELLS;4057.0;7
698100;;;CHOCOLATE;SEASHELLS;7885.0;5
698400;;;STRAWBERRIES;SEASHELLS;4058.0;10
698400;;;STRAWBERRIES;SEASHELLS;4058.0;3
699000;;;STRAWBERRIES;SEASHELLS;4059.0;8
699300;;;ROSES;SEASHELLS;14621.0;4
699300;;;GIFT_BASKET;SEASHELLS;70952.0;7
699400;;;GIFT_BASKET;SEASHELLS;70939.0;7
700200;;;GIFT_BASKET;SEASHELLS;70958.0;2
700200;;;STRAWBERRIES;SEASHELLS;4059.0;7
700200;;;GIFT_BASKET;SEASHELLS;70958.0;1
700400;;;STRAWBERRIES;SEASHELLS;4059.0;11
700400;;;CHOCOLATE;SEASHELLS;7892.0;8
701500;;;CHOCOLATE;SEASHELLS;7890.0;5
701900;;;CHOCOLATE;SEASHELLS;7892.0;6
702000;;;ROSES;SEASHELLS;14615.0;5
702100;;;STRAWBERRIES;SEASHELLS;4058.0;5
702400;;;STRAWBERRIES;SEASHELLS;4058.0;11
702600;;;ROSES;SEASHELLS;14630.0;3
703200;;;ROSES;SEASHELLS;14629.0;5
703200;;;STRAWBERRIES;SEASHELLS;4058.0;9
703400;;;ROSES;SEASHELLS;14616.0;2
703500;;;STRAWBERRIES;SEASHELLS;4059.0;9
703600;;;GIFT_BASKET;SEASHELLS;70890.0;2
703600;;;GIFT_BASKET;SEASHELLS;70889.0;1
703700;;;CHOCOLATE;SEASHELLS;7888.0;8
704000;;;GIFT_BASKET;SEASHELLS;70894.0;2
704500;;;STRAWBERRIES;SEASHELLS;4059.0;10
704800;;;CHOCOLATE;SEASHELLS;7890.0;8
704900;;;STRAWBERRIES;SEASHELLS;4059.0;10
705100;;;ROSES;SEASHELLS;14620.0;2
